,price,volume,cp,rcp,a,ba,sa,hl,pcp,timeStamp,ticker
0,29000.0,100,0.0,0.0,BU,100.0,0.0,False,0.0,2022-12-01 10:11:40,A32
1,7900.0,300,350.0,0.0,SD,1564000.0,1174500.0,False,0.0,2022-12-01 13:01:32,AAA
2,7900.0,1700,350.0,0.0,SD,1564000.0,1172900.0,False,0.0,2022-12-01 13:01:28,AAA
3,7900.0,1300,350.0,0.0,SD,1564000.0,1174200.0,False,0.0,2022-12-01 13:01:28,AAA
4,7900.0,400,350.0,0.0,SD,1564000.0,1161600.0,False,0.0,2022-12-01 13:01:22,AAA
5,7900.0,5000,350.0,0.0,SD,1564000.0,1166600.0,False,0.0,2022-12-01 13:01:22,AAA
6,7900.0,4600,350.0,0.0,SD,1564000.0,1171200.0,False,0.0,2022-12-01 13:01:22,AAA
7,7900.0,600,350.0,0.0,SD,1564000.0,1158500.0,False,0.0,2022-12-01 13:01:19,AAA
8,7900.0,1000,350.0,0.0,SD,1564000.0,1159500.0,False,0.0,2022-12-01 13:01:19,AAA
9,7900.0,100,350.0,0.0,SD,1564000.0,1159600.0,False,0.0,2022-12-01 13:01:19,AAA
10,7900.0,1600,350.0,0.0,SD,1564000.0,1161200.0,False,0.0,2022-12-01 13:01:19,AAA
11,7900.0,2000,350.0,0.0,SD,1564000.0,1153000.0,False,0.0,2022-12-01 13:01:14,AAA
12,7900.0,3100,350.0,0.0,SD,1564000.0,1151000.0,False,0.0,2022-12-01 13:01:14,AAA
13,7900.0,100,350.0,0.0,SD,1564000.0,1156600.0,False,0.0,2022-12-01 13:01:14,AAA
14,7900.0,500,350.0,0.0,SD,1564000.0,1153500.0,False,0.0,2022-12-01 13:01:14,AAA
15,7900.0,2000,350.0,0.0,SD,1564000.0,1155500.0,False,0.0,2022-12-01 13:01:14,AAA
16,7900.0,1000,350.0,0.0,SD,1564000.0,1156500.0,False,0.0,2022-12-01 13:01:14,AAA
17,7900.0,1300,350.0,0.0,SD,1564000.0,1157900.0,False,0.0,2022-12-01 13:01:14,AAA
18,7900.0,4900,350.0,0.0,SD,1564000.0,1147900.0,False,0.0,2022-12-01 13:01:08,AAA
19,7900.0,100,350.0,0.0,SD,1564000.0,1143000.0,False,0.0,2022-12-01 13:01:08,AAA
20,7900.0,4800,350.0,0.0,SD,1564000.0,1142900.0,False,-40.0,2022-12-01 13:01:07,AAA
21,7920.0,1800,370.0,0.0,BU,1563800.0,1138100.0,False,0.0,2022-12-01 13:00:55,AAA
22,7940.0,200,390.0,0.1,BU,1564000.0,1138100.0,False,20.0,2022-12-01 13:00:55,AAA
23,7920.0,200,370.0,0.0,SD,1562000.0,1138100.0,False,-20.0,2022-12-01 13:00:54,AAA
24,7940.0,200,390.0,0.1,BU,1562000.0,1137900.0,False,0.0,2022-12-01 13:00:49,AAA
25,7940.0,500,390.0,0.1,BU,1561800.0,1137900.0,False,40.0,2022-12-01 13:00:43,AAA
26,7940.0,300,390.0,0.1,BU,1561300.0,1137500.0,False,40.0,2022-12-01 13:00:42,AAA
27,7900.0,200,350.0,0.0,SD,1561300.0,1137700.0,False,-40.0,2022-12-01 13:00:42,AAA
28,7900.0,200,350.0,0.0,SD,1561300.0,1137900.0,False,0.0,2022-12-01 13:00:42,AAA
29,7920.0,4000,370.0,0.0,SD,1561000.0,1123500.0,False,0.0,2022-12-01 13:00:41,AAA
30,7910.0,200,360.0,0.0,SD,1561000.0,1123700.0,False,-10.0,2022-12-01 13:00:41,AAA
31,7900.0,9400,350.0,0.0,SD,1561000.0,1133500.0,False,-10.0,2022-12-01 13:00:41,AAA
32,7910.0,400,360.0,0.0,SD,1561000.0,1124100.0,False,0.0,2022-12-01 13:00:41,AAA
33,7920.0,5000,370.0,0.0,SD,1561000.0,1119500.0,False,0.0,2022-12-01 13:00:41,AAA
34,7900.0,1000,350.0,0.0,SD,1561000.0,1135100.0,False,0.0,2022-12-01 13:00:41,AAA
35,7900.0,500,350.0,0.0,SD,1561000.0,1134100.0,False,0.0,2022-12-01 13:00:41,AAA
36,7920.0,900,370.0,0.0,SD,1561000.0,1114500.0,False,0.0,2022-12-01 13:00:41,AAA
37,7900.0,100,350.0,0.0,SD,1561000.0,1135700.0,False,0.0,2022-12-01 13:00:41,AAA
38,7900.0,1800,350.0,0.0,SD,1561000.0,1137500.0,False,0.0,2022-12-01 13:00:41,AAA
39,7900.0,500,350.0,0.0,SD,1561000.0,1135600.0,False,0.0,2022-12-01 13:00:41,AAA
40,7900.0,100,350.0,0.0,SD,1561000.0,1133600.0,False,0.0,2022-12-01 13:00:41,AAA
41,7920.0,500,370.0,0.0,SD,1561000.0,1113600.0,False,-20.0,2022-12-01 13:00:37,AAA
42,7940.0,500,390.0,0.1,BU,1561000.0,1113100.0,False,20.0,2022-12-01 13:00:35,AAA
43,7920.0,2000,370.0,0.0,SD,1560500.0,1113100.0,False,-20.0,2022-12-01 13:00:34,AAA
44,7940.0,10000,390.0,0.1,BU,1560500.0,1111100.0,False,0.0,2022-12-01 13:00:32,AAA
45,7940.0,100,390.0,0.1,BU,1550500.0,1111100.0,False,20.0,2022-12-01 13:00:31,AAA
46,7930.0,100,380.0,0.1,SD,1550400.0,1111000.0,False,-10.0,2022-12-01 13:00:30,AAA
47,7920.0,100,370.0,0.0,SD,1550400.0,1111100.0,False,-10.0,2022-12-01 13:00:30,AAA
48,7940.0,1000,390.0,0.1,BU,1550400.0,1110900.0,False,0.0,2022-12-01 13:00:29,AAA
49,7940.0,200,390.0,0.1,BU,1549400.0,1110900.0,False,0.0,2022-12-01 13:00:28,AAA
50,7940.0,100,390.0,0.1,SD,1548100.0,1107900.0,False,0.0,2022-12-01 13:00:27,AAA
51,7940.0,3000,390.0,0.1,SD,1548100.0,1110900.0,False,0.0,2022-12-01 13:00:27,AAA
52,7940.0,100,390.0,0.1,BU,1548200.0,1110900.0,False,0.0,2022-12-01 13:00:27,AAA
53,7940.0,4400,390.0,0.1,SD,1548100.0,1107800.0,False,-10.0,2022-12-01 13:00:27,AAA
54,7940.0,1000,390.0,0.1,BU,1549200.0,1110900.0,False,0.0,2022-12-01 13:00:27,AAA
55,7950.0,100,400.0,0.1,BU,1547100.0,1103400.0,False,0.0,2022-12-01 13:00:23,AAA
56,7950.0,500,400.0,0.1,BU,1547600.0,1103400.0,False,0.0,2022-12-01 13:00:23,AAA
57,7950.0,500,400.0,0.1,BU,1548100.0,1103400.0,False,0.0,2022-12-01 13:00:23,AAA
58,7950.0,100,400.0,0.1,BU,1547000.0,1103400.0,False,0.0,2022-12-01 13:00:22,AAA
59,7940.0,500,390.0,0.1,SD,1545900.0,1103400.0,False,-10.0,2022-12-01 13:00:21,AAA
60,7950.0,1000,400.0,0.1,BU,1546900.0,1103400.0,False,10.0,2022-12-01 13:00:21,AAA
61,7950.0,400,400.0,0.1,SD,1545800.0,1102900.0,False,0.0,2022-12-01 13:00:19,AAA
62,7950.0,100,400.0,0.1,BU,1545900.0,1102900.0,False,0.0,2022-12-01 13:00:19,AAA
63,7950.0,200,400.0,0.1,SD,1545800.0,1102500.0,False,0.0,2022-12-01 13:00:18,AAA
64,7950.0,800,400.0,0.1,SD,1545800.0,1100300.0,False,0.0,2022-12-01 13:00:16,AAA
65,7950.0,3000,400.0,0.1,SD,1545800.0,1099500.0,False,0.0,2022-12-01 13:00:16,AAA
66,7960.0,900,410.0,0.1,SD,1545800.0,1095300.0,False,0.0,2022-12-01 13:00:16,AAA
67,7960.0,5800,410.0,0.1,SD,1545800.0,1094400.0,False,0.0,2022-12-01 13:00:16,AAA
68,7950.0,100,400.0,0.1,SD,1545800.0,1096500.0,False,0.0,2022-12-01 13:00:16,AAA
69,7950.0,700,400.0,0.1,SD,1545800.0,1096400.0,False,-10.0,2022-12-01 13:00:16,AAA
70,7960.0,400,410.0,0.1,SD,1545800.0,1095700.0,False,0.0,2022-12-01 13:00:16,AAA
71,7950.0,2000,400.0,0.1,SD,1545800.0,1102300.0,False,0.0,2022-12-01 13:00:16,AAA
72,7960.0,200,410.0,0.1,SD,1545700.0,1088500.0,False,0.0,2022-12-01 13:00:15,AAA
73,7960.0,1500,410.0,0.1,SD,1545700.0,1088100.0,False,0.0,2022-12-01 13:00:15,AAA
74,7960.0,200,410.0,0.1,SD,1545700.0,1088300.0,False,0.0,2022-12-01 13:00:15,AAA
75,7980.0,100,430.0,0.1,BU,1545800.0,1088500.0,False,20.0,2022-12-01 13:00:15,AAA
76,7960.0,100,410.0,0.1,SD,1545800.0,1088600.0,False,-20.0,2022-12-01 13:00:15,AAA
77,7960.0,200,410.0,0.1,SD,1545700.0,1086600.0,False,0.0,2022-12-01 13:00:14,AAA
78,7960.0,1800,410.0,0.1,BU,1544400.0,1086400.0,False,10.0,2022-12-01 13:00:13,AAA
79,7960.0,200,410.0,0.1,BU,1545700.0,1086400.0,False,-20.0,2022-12-01 13:00:13,AAA
80,7980.0,1000,430.0,0.1,BU,1545500.0,1086400.0,False,10.0,2022-12-01 13:00:13,AAA
81,7970.0,100,420.0,0.1,BU,1544500.0,1086400.0,False,10.0,2022-12-01 13:00:13,AAA
82,7950.0,100,400.0,0.1,SD,1542600.0,1086400.0,False,0.0,2022-12-01 13:00:12,AAA
83,7950.0,200,400.0,0.1,SD,1542600.0,1086300.0,False,0.0,2022-12-01 11:30:06,AAA
84,7950.0,300,400.0,0.1,SD,1542600.0,1086100.0,False,-10.0,2022-12-01 11:30:06,AAA
85,7960.0,2000,410.0,0.1,SD,1542600.0,1085800.0,False,0.0,2022-12-01 11:29:37,AAA
86,7960.0,1000,410.0,0.1,SD,1542600.0,1083800.0,False,0.0,2022-12-01 11:29:37,AAA
87,7960.0,200,410.0,0.1,SD,1542600.0,1082800.0,False,-10.0,2022-12-01 11:29:37,AAA
88,7970.0,4000,420.0,0.1,SD,1542600.0,1082600.0,False,0.0,2022-12-01 11:29:15,AAA
89,7970.0,200,420.0,0.1,SD,1542600.0,1078600.0,False,0.0,2022-12-01 11:29:15,AAA
90,7970.0,1000,420.0,0.1,SD,1542600.0,1078400.0,False,0.0,2022-12-01 11:29:15,AAA
91,7970.0,6700,420.0,0.1,SD,1542600.0,1077400.0,False,0.0,2022-12-01 11:29:15,AAA
92,7970.0,1600,420.0,0.1,SD,1542600.0,1070700.0,False,-10.0,2022-12-01 11:29:06,AAA
93,7980.0,1000,430.0,0.1,BU,1542600.0,1069100.0,False,10.0,2022-12-01 11:28:59,AAA
94,7970.0,3000,420.0,0.1,SD,1541600.0,1069100.0,False,-10.0,2022-12-01 11:28:57,AAA
95,7980.0,200,430.0,0.1,BU,1541600.0,1066100.0,False,10.0,2022-12-01 11:28:57,AAA
96,7970.0,1000,420.0,0.1,SD,1541400.0,1066100.0,False,0.0,2022-12-01 11:28:52,AAA
97,7970.0,6300,420.0,0.1,SD,1541400.0,1065100.0,False,-10.0,2022-12-01 11:28:50,AAA
98,7980.0,300,430.0,0.1,BU,1541400.0,1058800.0,False,0.0,2022-12-01 11:28:47,AAA
99,7980.0,100,430.0,0.1,BU,1541100.0,1058800.0,False,0.0,2022-12-01 11:28:24,AAA
100,7980.0,1000,430.0,0.1,SD,1541000.0,1058800.0,False,0.0,2022-12-01 11:28:11,AAA
101,7980.0,4000,430.0,0.1,SD,1541000.0,1057800.0,False,0.0,2022-12-01 11:27:24,AAA
102,7980.0,600,430.0,0.1,SD,1541000.0,1053800.0,False,0.0,2022-12-01 11:27:24,AAA
103,7980.0,5400,430.0,0.1,SD,1541000.0,1053200.0,False,0.0,2022-12-01 11:27:24,AAA
104,7980.0,100,430.0,0.1,SD,1541000.0,1047800.0,False,0.0,2022-12-01 11:26:54,AAA
105,7980.0,500,430.0,0.1,SD,1541000.0,1047700.0,False,0.0,2022-12-01 11:26:42,AAA
106,7980.0,500,430.0,0.1,SD,1541000.0,1047200.0,False,0.0,2022-12-01 11:26:40,AAA
107,7980.0,100,430.0,0.1,SD,1541000.0,1046700.0,False,0.0,2022-12-01 11:26:09,AAA
108,7980.0,15000,430.0,0.1,BU,1541000.0,1046600.0,False,0.0,2022-12-01 11:26:08,AAA
109,7980.0,200,430.0,0.1,BU,1525800.0,1046600.0,False,0.0,2022-12-01 11:26:08,AAA
110,7980.0,200,430.0,0.1,BU,1526000.0,1046600.0,False,0.0,2022-12-01 11:26:08,AAA
111,7980.0,600,430.0,0.1,BU,1525600.0,1046600.0,False,0.0,2022-12-01 11:26:02,AAA
112,7980.0,400,430.0,0.1,BU,1525000.0,1046600.0,False,0.0,2022-12-01 11:26:02,AAA
113,7980.0,100,430.0,0.1,BU,1524600.0,1046600.0,False,0.0,2022-12-01 11:25:53,AAA
114,7980.0,1100,430.0,0.1,SD,1524500.0,1046600.0,False,0.0,2022-12-01 11:25:37,AAA
115,7980.0,100,430.0,0.1,SD,1524500.0,1045500.0,False,0.0,2022-12-01 11:25:37,AAA
116,7980.0,300,430.0,0.1,SD,1524500.0,1045400.0,False,-10.0,2022-12-01 11:25:37,AAA
117,7990.0,1000,440.0,0.1,SD,1524500.0,1045100.0,False,0.0,2022-12-01 11:25:37,AAA
118,7990.0,1000,440.0,0.1,SD,1524500.0,1044100.0,False,0.0,2022-12-01 11:25:37,AAA
119,7990.0,100,440.0,0.1,BU,1524500.0,1043100.0,False,0.0,2022-12-01 11:25:31,AAA
120,7990.0,3000,440.0,0.1,BU,1524400.0,1043100.0,False,0.0,2022-12-01 11:25:31,AAA
121,7990.0,200,440.0,0.1,BU,1521400.0,1043100.0,False,0.0,2022-12-01 11:25:31,AAA
122,7990.0,5000,440.0,0.1,BU,1521200.0,1043100.0,False,0.0,2022-12-01 11:25:31,AAA
123,7990.0,4000,440.0,0.1,BU,1516200.0,1043100.0,False,0.0,2022-12-01 11:25:31,AAA
124,7990.0,200,440.0,0.1,BU,1512200.0,1043100.0,False,0.0,2022-12-01 11:25:31,AAA
125,7990.0,100,440.0,0.1,BU,1511500.0,1043100.0,False,0.0,2022-12-01 11:25:31,AAA
126,7990.0,500,440.0,0.1,BU,1512000.0,1043100.0,False,0.0,2022-12-01 11:25:31,AAA
127,7990.0,500,440.0,0.1,BU,1511400.0,1043100.0,False,0.0,2022-12-01 11:25:31,AAA
128,7990.0,100,440.0,0.1,BU,1510900.0,1043100.0,False,0.0,2022-12-01 11:25:31,AAA
129,7990.0,15300,440.0,0.1,BU,1510800.0,1043100.0,False,0.0,2022-12-01 11:25:31,AAA
130,7990.0,100,440.0,0.1,BU,1490800.0,1043100.0,False,0.0,2022-12-01 11:25:28,AAA
131,7990.0,4700,440.0,0.1,BU,1495500.0,1043100.0,False,0.0,2022-12-01 11:25:28,AAA
132,7990.0,100,440.0,0.1,BU,1490700.0,1043100.0,False,0.0,2022-12-01 11:25:28,AAA
133,7990.0,100,440.0,0.1,BU,1490600.0,1043100.0,False,0.0,2022-12-01 11:25:28,AAA
134,7990.0,100,440.0,0.1,BU,1490500.0,1043100.0,False,0.0,2022-12-01 11:25:25,AAA
135,7990.0,100,440.0,0.1,BU,1490400.0,1043100.0,False,0.0,2022-12-01 11:25:13,AAA
136,7990.0,100,440.0,0.1,BU,1490300.0,1043100.0,False,0.0,2022-12-01 11:25:12,AAA
137,7990.0,100,440.0,0.1,BU,1490200.0,1043100.0,False,0.0,2022-12-01 11:24:58,AAA
138,7990.0,1000,440.0,0.1,BU,1490100.0,1043100.0,False,0.0,2022-12-01 11:24:42,AAA
139,7990.0,100,440.0,0.1,BU,1489100.0,1043100.0,False,0.0,2022-12-01 11:24:42,AAA
140,7990.0,100,440.0,0.1,BU,1489000.0,1043100.0,False,10.0,2022-12-01 11:24:25,AAA
141,7980.0,400,430.0,0.1,SD,1488900.0,1043100.0,False,0.0,2022-12-01 11:24:18,AAA
142,7980.0,2600,430.0,0.1,SD,1488900.0,1042700.0,False,-10.0,2022-12-01 11:24:18,AAA
143,7990.0,100,440.0,0.1,BU,1488900.0,1040100.0,False,0.0,2022-12-01 11:24:14,AAA
144,7990.0,100,440.0,0.1,BU,1488800.0,1040100.0,False,10.0,2022-12-01 11:24:01,AAA
145,7980.0,3400,430.0,0.1,BU,1488700.0,1040100.0,False,0.0,2022-12-01 11:23:51,AAA
146,7980.0,4000,430.0,0.1,BU,1485300.0,1040100.0,False,10.0,2022-12-01 11:23:51,AAA
147,7970.0,100,420.0,0.1,SD,1481300.0,1040100.0,False,-10.0,2022-12-01 11:23:21,AAA
148,7980.0,6000,430.0,0.1,BU,1481300.0,1040000.0,False,0.0,2022-12-01 11:23:18,AAA
149,7980.0,20000,430.0,0.1,BU,1475300.0,1040000.0,False,0.0,2022-12-01 11:23:18,AAA
150,7980.0,9300,430.0,0.1,BU,1455300.0,1040000.0,False,0.0,2022-12-01 11:23:18,AAA
151,7980.0,100,430.0,0.1,BU,1446000.0,1040000.0,False,10.0,2022-12-01 11:23:15,AAA
152,7970.0,1000,420.0,0.1,SD,1445900.0,1040000.0,False,-10.0,2022-12-01 11:23:07,AAA
153,7980.0,100,430.0,0.1,BU,1445900.0,1039000.0,False,10.0,2022-12-01 11:22:56,AAA
154,7970.0,300,420.0,0.1,SD,1445800.0,1039000.0,False,-10.0,2022-12-01 11:22:24,AAA
155,7980.0,2000,430.0,0.1,BU,1445800.0,1038700.0,False,0.0,2022-12-01 11:22:18,AAA
156,7980.0,100,430.0,0.1,BU,1443800.0,1038700.0,False,0.0,2022-12-01 11:22:08,AAA
157,7980.0,100,430.0,0.1,BU,1443700.0,1038700.0,False,0.0,2022-12-01 11:22:00,AAA
158,7980.0,1000,430.0,0.1,BU,1443600.0,1038700.0,False,0.0,2022-12-01 11:21:08,AAA
159,7980.0,300,430.0,0.1,BU,1442600.0,1038700.0,False,-10.0,2022-12-01 11:20:58,AAA
160,7990.0,400,440.0,0.1,BU,1442300.0,1038700.0,False,10.0,2022-12-01 11:20:45,AAA
161,7980.0,500,430.0,0.1,BU,1441900.0,1038700.0,False,0.0,2022-12-01 11:20:45,AAA
162,7980.0,1900,430.0,0.1,SD,1441400.0,1038700.0,False,0.0,2022-12-01 11:20:36,AAA
163,7980.0,200,430.0,0.1,SD,1441400.0,1036800.0,False,0.0,2022-12-01 11:20:24,AAA
164,7980.0,1000,430.0,0.1,SD,1441400.0,1036600.0,False,0.0,2022-12-01 11:20:17,AAA
165,7980.0,1000,430.0,0.1,BU,1440300.0,1035600.0,False,0.0,2022-12-01 11:20:17,AAA
166,7980.0,5000,430.0,0.1,BU,1439300.0,1035600.0,False,0.0,2022-12-01 11:20:17,AAA
167,7980.0,1000,430.0,0.1,BU,1434300.0,1035600.0,False,0.0,2022-12-01 11:20:17,AAA
168,7980.0,600,430.0,0.1,BU,1429200.0,1035600.0,False,0.0,2022-12-01 11:20:17,AAA
169,7980.0,5000,430.0,0.1,BU,1428600.0,1035600.0,False,20.0,2022-12-01 11:20:17,AAA
170,7980.0,1000,430.0,0.1,BU,1441300.0,1035600.0,False,0.0,2022-12-01 11:20:17,AAA
171,7980.0,100,430.0,0.1,BU,1441400.0,1035600.0,False,0.0,2022-12-01 11:20:17,AAA
172,7980.0,4000,430.0,0.1,BU,1433300.0,1035600.0,False,0.0,2022-12-01 11:20:17,AAA
173,7980.0,100,430.0,0.1,BU,1429300.0,1035600.0,False,0.0,2022-12-01 11:20:17,AAA
174,7960.0,5000,410.0,0.1,SD,1423600.0,1035600.0,False,-10.0,2022-12-01 11:20:12,AAA
175,7970.0,2000,420.0,0.1,BU,1423600.0,1030600.0,False,0.0,2022-12-01 11:20:05,AAA
176,7970.0,400,420.0,0.1,BU,1421600.0,1030600.0,False,0.0,2022-12-01 11:19:43,AAA
177,7970.0,1700,420.0,0.1,BU,1421200.0,1030600.0,False,0.0,2022-12-01 11:19:35,AAA
178,7970.0,2600,420.0,0.1,BU,1419500.0,1030600.0,False,10.0,2022-12-01 11:19:24,AAA
179,7960.0,500,410.0,0.1,SD,1416900.0,1030600.0,False,-10.0,2022-12-01 11:19:22,AAA
180,7970.0,4200,420.0,0.1,BU,1416900.0,1030100.0,False,0.0,2022-12-01 11:19:17,AAA
181,7970.0,100,420.0,0.1,BU,1412700.0,1030100.0,False,0.0,2022-12-01 11:19:13,AAA
182,7970.0,1000,420.0,0.1,BU,1412600.0,1030100.0,False,0.0,2022-12-01 11:19:10,AAA
183,7970.0,100,420.0,0.1,BU,1411600.0,1030100.0,False,0.0,2022-12-01 11:18:14,AAA
184,7970.0,2000,420.0,0.1,BU,1411500.0,1030100.0,False,0.0,2022-12-01 11:18:14,AAA
185,7970.0,200,420.0,0.1,BU,1409500.0,1030100.0,False,0.0,2022-12-01 11:18:14,AAA
186,7970.0,800,420.0,0.1,BU,1409300.0,1030100.0,False,10.0,2022-12-01 11:18:07,AAA
187,7960.0,100,410.0,0.1,BU,1408500.0,1030100.0,False,0.0,2022-12-01 11:17:44,AAA
188,7960.0,1900,410.0,0.1,BU,1408400.0,1030100.0,False,10.0,2022-12-01 11:17:44,AAA
189,7950.0,700,400.0,0.1,SD,1406500.0,1030100.0,False,0.0,2022-12-01 11:17:43,AAA
190,7950.0,500,400.0,0.1,SD,1406500.0,1029400.0,False,0.0,2022-12-01 11:17:43,AAA
191,7950.0,6400,400.0,0.1,SD,1406500.0,1028900.0,False,-10.0,2022-12-01 11:17:43,AAA
192,7960.0,1700,410.0,0.1,BU,1406500.0,1022500.0,False,0.0,2022-12-01 11:17:37,AAA
193,7960.0,200,410.0,0.1,BU,1402900.0,1022500.0,False,0.0,2022-12-01 11:17:36,AAA
194,7960.0,300,410.0,0.1,BU,1402000.0,1022500.0,False,0.0,2022-12-01 11:17:36,AAA
195,7960.0,1700,410.0,0.1,BU,1404800.0,1022500.0,False,0.0,2022-12-01 11:17:36,AAA
196,7960.0,200,410.0,0.1,BU,1403100.0,1022500.0,False,0.0,2022-12-01 11:17:36,AAA
197,7960.0,500,410.0,0.1,BU,1402700.0,1022500.0,False,0.0,2022-12-01 11:17:36,AAA
198,7960.0,200,410.0,0.1,BU,1402200.0,1022500.0,False,0.0,2022-12-01 11:17:36,AAA
199,7960.0,2000,410.0,0.1,BU,1401700.0,1022500.0,False,0.0,2022-12-01 11:17:35,AAA
200,7960.0,900,410.0,0.1,BU,1399700.0,1022500.0,False,0.0,2022-12-01 11:17:26,AAA
201,7960.0,1300,410.0,0.1,BU,1398800.0,1022500.0,False,10.0,2022-12-01 11:17:19,AAA
202,7950.0,1000,400.0,0.1,SD,1397500.0,1022500.0,False,-10.0,2022-12-01 11:16:06,AAA
203,7960.0,100,410.0,0.1,BU,1397500.0,1021500.0,False,0.0,2022-12-01 11:14:39,AAA
204,7960.0,1000,410.0,0.1,SD,1397400.0,1021400.0,False,0.0,2022-12-01 11:12:47,AAA
205,7960.0,100,410.0,0.1,SD,1397400.0,1021500.0,False,0.0,2022-12-01 11:12:47,AAA
206,7960.0,100,410.0,0.1,SD,1397400.0,1020400.0,False,0.0,2022-12-01 11:12:47,AAA
207,7960.0,4400,410.0,0.1,SD,1397400.0,1020300.0,False,0.0,2022-12-01 11:12:47,AAA
208,7960.0,4000,410.0,0.1,SD,1397400.0,1015900.0,False,0.0,2022-12-01 11:12:45,AAA
209,7960.0,10000,410.0,0.1,SD,1397400.0,1011900.0,False,-10.0,2022-12-01 11:12:42,AAA
210,7970.0,100,420.0,0.1,BU,1397400.0,1001900.0,False,0.0,2022-12-01 11:11:19,AAA
211,7970.0,1100,420.0,0.1,SD,1397300.0,1001900.0,False,0.0,2022-12-01 11:11:13,AAA
212,7970.0,200,420.0,0.1,SD,1397300.0,1000800.0,False,0.0,2022-12-01 11:11:13,AAA
213,7970.0,100,420.0,0.1,SD,1397300.0,1000600.0,False,0.0,2022-12-01 11:10:58,AAA
214,7970.0,1000,420.0,0.1,BU,1397300.0,1000500.0,False,0.0,2022-12-01 11:10:10,AAA
215,7970.0,8700,420.0,0.1,BU,1396300.0,1000500.0,False,10.0,2022-12-01 11:10:10,AAA
216,7960.0,1000,410.0,0.1,SD,1387600.0,1000500.0,False,0.0,2022-12-01 11:09:52,AAA
217,7960.0,800,410.0,0.1,SD,1387600.0,999500.0,False,0.0,2022-12-01 11:09:44,AAA
218,7960.0,4000,410.0,0.1,BU,1387600.0,998700.0,False,0.0,2022-12-01 11:09:06,AAA
219,7960.0,100,410.0,0.1,BU,1383600.0,998700.0,False,0.0,2022-12-01 11:09:06,AAA
220,7960.0,2700,410.0,0.1,BU,1383500.0,998700.0,False,10.0,2022-12-01 11:09:06,AAA
221,7950.0,100,400.0,0.1,SD,1380800.0,998700.0,False,0.0,2022-12-01 11:09:04,AAA
222,7950.0,1000,400.0,0.1,SD,1380800.0,998600.0,False,0.0,2022-12-01 11:08:52,AAA
223,7950.0,300,400.0,0.1,BU,1380800.0,997600.0,False,0.0,2022-12-01 11:08:09,AAA
224,7950.0,600,400.0,0.1,BU,1380500.0,997600.0,False,0.0,2022-12-01 11:08:09,AAA
225,7950.0,600,400.0,0.1,BU,1379900.0,997600.0,False,0.0,2022-12-01 11:08:08,AAA
226,7950.0,6200,400.0,0.1,BU,1379300.0,997600.0,False,10.0,2022-12-01 11:07:57,AAA
227,7940.0,100,390.0,0.1,SD,1373100.0,997600.0,False,-10.0,2022-12-01 11:07:35,AAA
228,7950.0,1900,400.0,0.1,BU,1373100.0,997500.0,False,0.0,2022-12-01 11:07:30,AAA
229,7950.0,500,400.0,0.1,BU,1371200.0,997500.0,False,0.0,2022-12-01 11:07:23,AAA
230,7950.0,4800,400.0,0.1,SD,1370700.0,997500.0,False,0.0,2022-12-01 11:07:14,AAA
231,7950.0,200,400.0,0.1,BU,1370700.0,992700.0,False,0.0,2022-12-01 11:06:30,AAA
232,7950.0,500,400.0,0.1,BU,1370500.0,992700.0,False,0.0,2022-12-01 11:06:25,AAA
233,7950.0,300,400.0,0.1,BU,1370000.0,992700.0,False,0.0,2022-12-01 11:06:12,AAA
234,7950.0,1300,400.0,0.1,BU,1369700.0,992700.0,False,0.0,2022-12-01 11:06:12,AAA
235,7950.0,100,400.0,0.1,BU,1368400.0,992700.0,False,0.0,2022-12-01 11:06:12,AAA
236,7950.0,9900,400.0,0.1,BU,1368300.0,992700.0,False,0.0,2022-12-01 11:05:59,AAA
237,7950.0,100,400.0,0.1,BU,1358400.0,992700.0,False,0.0,2022-12-01 11:05:59,AAA
238,7950.0,100,400.0,0.1,BU,1358300.0,992700.0,False,10.0,2022-12-01 11:05:59,AAA
239,7940.0,500,390.0,0.1,SD,1358200.0,992700.0,False,0.0,2022-12-01 11:05:55,AAA
240,7940.0,1000,390.0,0.1,SD,1358200.0,992200.0,False,0.0,2022-12-01 11:05:16,AAA
241,7940.0,500,390.0,0.1,SD,1358200.0,991200.0,False,0.0,2022-12-01 11:04:42,AAA
242,7940.0,100,390.0,0.1,BU,1358200.0,990700.0,False,0.0,2022-12-01 11:04:07,AAA
243,7940.0,9800,390.0,0.1,BU,1358100.0,990700.0,False,10.0,2022-12-01 11:04:07,AAA
244,7930.0,2000,380.0,0.1,BU,1348300.0,990700.0,False,0.0,2022-12-01 11:04:07,AAA
245,7930.0,1100,380.0,0.1,BU,1346300.0,990700.0,False,10.0,2022-12-01 11:04:07,AAA
246,7920.0,2000,370.0,0.0,SD,1345200.0,989200.0,False,0.0,2022-12-01 11:03:24,AAA
247,7920.0,1500,370.0,0.0,SD,1345200.0,990700.0,False,0.0,2022-12-01 11:03:24,AAA
248,7920.0,200,370.0,0.0,SD,1345200.0,987200.0,False,0.0,2022-12-01 11:03:24,AAA
249,7920.0,300,370.0,0.0,SD,1345200.0,987000.0,False,-10.0,2022-12-01 11:03:24,AAA
250,7930.0,300,380.0,0.1,BU,1345200.0,986700.0,False,10.0,2022-12-01 11:02:30,AAA
251,7920.0,700,370.0,0.0,BU,1344900.0,986700.0,False,0.0,2022-12-01 11:01:34,AAA
252,7920.0,300,370.0,0.0,BU,1344200.0,986700.0,False,0.0,2022-12-01 11:01:28,AAA
253,7920.0,2200,370.0,0.0,BU,1343900.0,986700.0,False,0.0,2022-12-01 11:01:28,AAA
254,7920.0,2800,370.0,0.0,BU,1341700.0,986700.0,False,0.0,2022-12-01 11:01:19,AAA
255,7920.0,200,370.0,0.0,BU,1338900.0,986700.0,False,10.0,2022-12-01 11:01:19,AAA
256,7910.0,1000,360.0,0.0,SD,1338700.0,986700.0,False,0.0,2022-12-01 11:01:17,AAA
257,7910.0,6500,360.0,0.0,BU,1338700.0,985700.0,False,0.0,2022-12-01 11:00:47,AAA
258,7910.0,500,360.0,0.0,BU,1332200.0,985700.0,False,0.0,2022-12-01 11:00:47,AAA
259,7910.0,1000,360.0,0.0,BU,1331700.0,985700.0,False,0.0,2022-12-01 11:00:45,AAA
260,7910.0,500,360.0,0.0,BU,1330700.0,985700.0,False,0.0,2022-12-01 11:00:23,AAA
261,7910.0,500,360.0,0.0,BU,1330200.0,985700.0,False,10.0,2022-12-01 10:59:46,AAA
262,7900.0,2000,350.0,0.0,SD,1329700.0,985700.0,False,0.0,2022-12-01 10:58:42,AAA
263,7900.0,100,350.0,0.0,SD,1329700.0,983700.0,False,0.0,2022-12-01 10:58:36,AAA
264,7900.0,1000,350.0,0.0,SD,1329700.0,983600.0,False,0.0,2022-12-01 10:58:26,AAA
265,7900.0,2800,350.0,0.0,SD,1329700.0,982600.0,False,-10.0,2022-12-01 10:58:04,AAA
266,7910.0,200,360.0,0.0,SD,1329700.0,979800.0,False,0.0,2022-12-01 10:58:04,AAA
267,7910.0,800,360.0,0.0,BU,1329700.0,979600.0,False,0.0,2022-12-01 10:58:01,AAA
268,7910.0,100,360.0,0.0,BU,1328900.0,979600.0,False,10.0,2022-12-01 10:57:45,AAA
269,7900.0,2000,350.0,0.0,SD,1328800.0,979600.0,False,0.0,2022-12-01 10:57:45,AAA
270,7900.0,5000,350.0,0.0,SD,1328800.0,977600.0,False,-10.0,2022-12-01 10:57:35,AAA
271,7910.0,100,360.0,0.0,SD,1328800.0,972600.0,False,-10.0,2022-12-01 10:57:31,AAA
272,7920.0,200,370.0,0.0,BU,1328800.0,972500.0,False,20.0,2022-12-01 10:57:12,AAA
273,7900.0,27700,350.0,0.0,SD,1328600.0,972500.0,True,0.0,2022-12-01 10:57:12,AAA
274,7900.0,27700,350.0,0.0,SD,1328600.0,944800.0,True,-10.0,2022-12-01 10:57:11,AAA
275,7910.0,15000,360.0,0.0,SD,1328600.0,917100.0,False,0.0,2022-12-01 10:57:11,AAA
276,7910.0,200,360.0,0.0,SD,1328600.0,902100.0,False,0.0,2022-12-01 10:57:11,AAA
277,7910.0,5000,360.0,0.0,SD,1328600.0,901800.0,False,0.0,2022-12-01 10:57:11,AAA
278,7910.0,100,360.0,0.0,SD,1328600.0,901900.0,False,0.0,2022-12-01 10:57:11,AAA
279,7910.0,500,360.0,0.0,SD,1328600.0,896800.0,False,-10.0,2022-12-01 10:57:11,AAA
280,7920.0,1600,370.0,0.0,SD,1328600.0,896300.0,False,0.0,2022-12-01 10:57:08,AAA
281,7920.0,300,370.0,0.0,SD,1328600.0,894700.0,False,0.0,2022-12-01 10:57:06,AAA
282,7920.0,2000,370.0,0.0,SD,1328600.0,894400.0,False,0.0,2022-12-01 10:57:02,AAA
283,7920.0,500,370.0,0.0,SD,1328600.0,892400.0,False,0.0,2022-12-01 10:56:49,AAA
284,7920.0,1000,370.0,0.0,SD,1328600.0,891900.0,False,0.0,2022-12-01 10:56:49,AAA
285,7920.0,500,370.0,0.0,SD,1328600.0,890900.0,False,0.0,2022-12-01 10:56:48,AAA
286,7920.0,500,370.0,0.0,SD,1328600.0,890400.0,False,-10.0,2022-12-01 10:56:34,AAA
287,7930.0,1000,380.0,0.1,BU,1328600.0,889900.0,False,10.0,2022-12-01 10:56:17,AAA
288,7920.0,8600,370.0,0.0,SD,1327600.0,889900.0,False,0.0,2022-12-01 10:56:16,AAA
289,7920.0,1000,370.0,0.0,SD,1327600.0,881300.0,False,0.0,2022-12-01 10:56:16,AAA
290,7920.0,700,370.0,0.0,SD,1327600.0,880300.0,False,0.0,2022-12-01 10:56:16,AAA
291,7920.0,4800,370.0,0.0,SD,1327600.0,879600.0,False,0.0,2022-12-01 10:56:16,AAA
292,7920.0,800,370.0,0.0,SD,1327600.0,874600.0,False,0.0,2022-12-01 10:56:14,AAA
293,7920.0,200,370.0,0.0,SD,1327600.0,874800.0,False,0.0,2022-12-01 10:56:14,AAA
294,7920.0,1200,370.0,0.0,SD,1327600.0,870800.0,False,-10.0,2022-12-01 10:56:10,AAA
295,7920.0,3000,370.0,0.0,SD,1327600.0,873800.0,False,0.0,2022-12-01 10:56:10,AAA
296,7930.0,500,380.0,0.1,BU,1327600.0,869600.0,False,0.0,2022-12-01 10:56:02,AAA
297,7930.0,27100,380.0,0.1,SD,1327100.0,869600.0,True,-10.0,2022-12-01 10:55:57,AAA
298,7940.0,300,390.0,0.1,BU,1327100.0,842500.0,False,10.0,2022-12-01 10:55:56,AAA
299,7930.0,30000,380.0,0.1,SD,1326800.0,842500.0,True,0.0,2022-12-01 10:55:54,AAA
300,7930.0,100,380.0,0.1,SD,1326800.0,812500.0,False,0.0,2022-12-01 10:55:48,AAA
301,7930.0,30000,380.0,0.1,SD,1326800.0,812400.0,True,0.0,2022-12-01 10:55:47,AAA
302,7930.0,100,380.0,0.1,SD,1326800.0,782400.0,False,0.0,2022-12-01 10:55:31,AAA
303,7930.0,1000,380.0,0.1,SD,1326800.0,782300.0,False,-10.0,2022-12-01 10:55:30,AAA
304,7940.0,5000,390.0,0.1,BU,1326800.0,781300.0,False,10.0,2022-12-01 10:55:15,AAA
305,7930.0,1300,380.0,0.1,SD,1321800.0,781300.0,False,0.0,2022-12-01 10:55:12,AAA
306,7930.0,400,380.0,0.1,SD,1321800.0,780000.0,False,0.0,2022-12-01 10:54:57,AAA
307,7930.0,10000,380.0,0.1,SD,1321800.0,779600.0,False,-10.0,2022-12-01 10:54:47,AAA
308,7940.0,4900,390.0,0.1,SD,1321800.0,769600.0,False,0.0,2022-12-01 10:54:45,AAA
309,7940.0,600,390.0,0.1,SD,1321800.0,764700.0,False,0.0,2022-12-01 10:54:37,AAA
310,7940.0,2000,390.0,0.1,SD,1321800.0,764100.0,False,0.0,2022-12-01 10:54:34,AAA
311,7940.0,10000,390.0,0.1,SD,1321800.0,762100.0,False,0.0,2022-12-01 10:54:32,AAA
312,7940.0,5600,390.0,0.1,SD,1321800.0,752100.0,False,-10.0,2022-12-01 10:54:27,AAA
313,7950.0,3000,400.0,0.1,SD,1321800.0,746500.0,False,0.0,2022-12-01 10:54:12,AAA
314,7950.0,100,400.0,0.1,SD,1321800.0,735700.0,False,0.0,2022-12-01 10:54:11,AAA
315,7950.0,7800,400.0,0.1,SD,1321800.0,743500.0,False,0.0,2022-12-01 10:54:11,AAA
316,7950.0,4100,400.0,0.1,BU,1321800.0,735600.0,False,0.0,2022-12-01 10:54:01,AAA
317,7950.0,1000,400.0,0.1,SD,1317700.0,730600.0,False,0.0,2022-12-01 10:53:56,AAA
318,7950.0,5000,400.0,0.1,SD,1317700.0,735600.0,False,0.0,2022-12-01 10:53:56,AAA
319,7950.0,500,400.0,0.1,SD,1317700.0,729600.0,False,0.0,2022-12-01 10:53:56,AAA
320,7950.0,1000,400.0,0.1,SD,1317700.0,729100.0,False,0.0,2022-12-01 10:53:56,AAA
321,7950.0,2000,400.0,0.1,SD,1317700.0,728100.0,False,0.0,2022-12-01 10:53:56,AAA
322,7950.0,5000,400.0,0.1,SD,1317700.0,726100.0,False,0.0,2022-12-01 10:53:56,AAA
323,7950.0,100,400.0,0.1,SD,1317700.0,721100.0,False,0.0,2022-12-01 10:53:56,AAA
324,7950.0,1300,400.0,0.1,SD,1317700.0,721000.0,False,0.0,2022-12-01 10:53:56,AAA
325,7950.0,3700,400.0,0.1,SD,1317700.0,719700.0,False,0.0,2022-12-01 10:53:52,AAA
326,7950.0,5000,400.0,0.1,SD,1317700.0,716000.0,False,0.0,2022-12-01 10:53:52,AAA
327,7950.0,5000,400.0,0.1,SD,1317700.0,711000.0,False,0.0,2022-12-01 10:53:52,AAA
328,7950.0,100,400.0,0.1,SD,1317700.0,706000.0,False,0.0,2022-12-01 10:53:52,AAA
329,7950.0,5000,400.0,0.1,SD,1317700.0,705900.0,False,0.0,2022-12-01 10:53:52,AAA
330,7950.0,500,400.0,0.1,SD,1317700.0,700900.0,False,0.0,2022-12-01 10:53:52,AAA
331,7950.0,700,400.0,0.1,SD,1317700.0,700400.0,False,0.0,2022-12-01 10:53:52,AAA
332,7950.0,100,400.0,0.1,SD,1317700.0,699700.0,False,-10.0,2022-12-01 10:53:41,AAA
333,7960.0,1000,410.0,0.1,SD,1317700.0,699600.0,False,0.0,2022-12-01 10:53:35,AAA
334,7960.0,3000,410.0,0.1,SD,1317700.0,698600.0,False,0.0,2022-12-01 10:53:35,AAA
335,7960.0,3000,410.0,0.1,SD,1317700.0,695600.0,False,0.0,2022-12-01 10:53:35,AAA
336,7960.0,100,410.0,0.1,SD,1317700.0,692600.0,False,0.0,2022-12-01 10:53:35,AAA
337,7960.0,200,410.0,0.1,SD,1317700.0,692500.0,False,0.0,2022-12-01 10:53:35,AAA
338,7960.0,2000,410.0,0.1,SD,1317700.0,692300.0,False,0.0,2022-12-01 10:53:30,AAA
339,7960.0,700,410.0,0.1,SD,1317700.0,690300.0,False,0.0,2022-12-01 10:53:25,AAA
340,7960.0,2000,410.0,0.1,SD,1317700.0,689600.0,False,0.0,2022-12-01 10:53:20,AAA
341,7960.0,100,410.0,0.1,SD,1317700.0,687600.0,False,0.0,2022-12-01 10:53:08,AAA
342,7960.0,300,410.0,0.1,SD,1317700.0,687500.0,False,0.0,2022-12-01 10:53:00,AAA
343,7960.0,200,410.0,0.1,SD,1317700.0,687200.0,False,0.0,2022-12-01 10:52:53,AAA
344,7960.0,1000,410.0,0.1,SD,1317700.0,687000.0,False,0.0,2022-12-01 10:52:44,AAA
345,7960.0,3500,410.0,0.1,SD,1317700.0,686000.0,False,0.0,2022-12-01 10:52:21,AAA
346,7960.0,200,410.0,0.1,SD,1317700.0,682500.0,False,0.0,2022-12-01 10:52:21,AAA
347,7960.0,100,410.0,0.1,SD,1317700.0,682300.0,False,0.0,2022-12-01 10:52:21,AAA
348,7960.0,1000,410.0,0.1,SD,1317700.0,682200.0,False,0.0,2022-12-01 10:52:21,AAA
349,7960.0,1200,410.0,0.1,SD,1317700.0,681200.0,False,0.0,2022-12-01 10:52:21,AAA
350,7960.0,700,410.0,0.1,SD,1317700.0,680000.0,False,0.0,2022-12-01 10:52:21,AAA
351,7960.0,3400,410.0,0.1,SD,1317700.0,679300.0,False,0.0,2022-12-01 10:52:20,AAA
352,7960.0,100,410.0,0.1,SD,1317700.0,675900.0,False,-10.0,2022-12-01 10:52:11,AAA
353,7970.0,100,420.0,0.1,BU,1317700.0,675800.0,False,0.0,2022-12-01 10:52:09,AAA
354,7970.0,1500,420.0,0.1,SD,1317600.0,675800.0,False,0.0,2022-12-01 10:52:05,AAA
355,7970.0,500,420.0,0.1,SD,1317600.0,674300.0,False,0.0,2022-12-01 10:51:41,AAA
356,7970.0,1700,420.0,0.1,SD,1317600.0,673800.0,False,0.0,2022-12-01 10:51:41,AAA
357,7970.0,10800,420.0,0.1,SD,1317600.0,672100.0,False,0.0,2022-12-01 10:51:41,AAA
358,7970.0,1700,420.0,0.1,SD,1317600.0,661300.0,False,0.0,2022-12-01 10:51:34,AAA
359,7970.0,300,420.0,0.1,SD,1317600.0,659600.0,False,-10.0,2022-12-01 10:51:34,AAA
360,7980.0,300,430.0,0.1,SD,1317600.0,659300.0,False,0.0,2022-12-01 10:51:05,AAA
361,7980.0,400,430.0,0.1,BU,1317600.0,659000.0,False,0.0,2022-12-01 10:50:56,AAA
362,7980.0,700,430.0,0.1,BU,1317200.0,659000.0,False,0.0,2022-12-01 10:50:48,AAA
363,7980.0,200,430.0,0.1,BU,1316500.0,659000.0,False,0.0,2022-12-01 10:50:33,AAA
364,7980.0,2000,430.0,0.1,BU,1316300.0,659000.0,False,0.0,2022-12-01 10:50:21,AAA
365,7980.0,5200,430.0,0.1,BU,1314300.0,659000.0,False,10.0,2022-12-01 10:50:14,AAA
366,7970.0,100,420.0,0.1,SD,1309100.0,659000.0,False,0.0,2022-12-01 10:50:06,AAA
367,7970.0,500,420.0,0.1,SD,1309100.0,658900.0,False,0.0,2022-12-01 10:49:58,AAA
368,7970.0,100,420.0,0.1,BU,1309100.0,658400.0,False,0.0,2022-12-01 10:49:57,AAA
369,7970.0,800,420.0,0.1,BU,1309000.0,658400.0,False,0.0,2022-12-01 10:49:53,AAA
370,7970.0,10000,420.0,0.1,BU,1308200.0,658400.0,False,0.0,2022-12-01 10:49:41,AAA
371,7970.0,300,420.0,0.1,BU,1298200.0,658400.0,False,0.0,2022-12-01 10:49:37,AAA
372,7970.0,500,420.0,0.1,BU,1297900.0,658400.0,False,10.0,2022-12-01 10:49:33,AAA
373,7960.0,200,410.0,0.1,SD,1297400.0,658400.0,False,-10.0,2022-12-01 10:49:31,AAA
374,7970.0,100,420.0,0.1,BU,1297400.0,658200.0,False,0.0,2022-12-01 10:49:23,AAA
375,7970.0,200,420.0,0.1,BU,1297300.0,658200.0,False,0.0,2022-12-01 10:49:15,AAA
376,7970.0,300,420.0,0.1,SD,1297100.0,658200.0,False,0.0,2022-12-01 10:49:08,AAA
377,7970.0,20000,420.0,0.1,SD,1297100.0,657900.0,False,0.0,2022-12-01 10:49:08,AAA
378,7970.0,100,420.0,0.1,SD,1297100.0,637900.0,False,0.0,2022-12-01 10:49:08,AAA
379,7970.0,100,420.0,0.1,SD,1297100.0,637800.0,False,0.0,2022-12-01 10:49:08,AAA
380,7970.0,15000,420.0,0.1,SD,1297100.0,637700.0,False,0.0,2022-12-01 10:49:08,AAA
381,7970.0,2000,420.0,0.1,SD,1297100.0,622700.0,False,0.0,2022-12-01 10:49:08,AAA
382,7970.0,600,420.0,0.1,SD,1297100.0,620700.0,False,-10.0,2022-12-01 10:49:08,AAA
383,7980.0,5000,430.0,0.1,BU,1297100.0,620100.0,False,10.0,2022-12-01 10:49:07,AAA
384,7970.0,2500,420.0,0.1,SD,1292100.0,620100.0,False,-10.0,2022-12-01 10:48:55,AAA
385,7980.0,5000,430.0,0.1,BU,1292100.0,617600.0,False,0.0,2022-12-01 10:48:49,AAA
386,7980.0,5000,430.0,0.1,SD,1287100.0,612600.0,False,0.0,2022-12-01 10:48:45,AAA
387,7980.0,5000,430.0,0.1,SD,1287100.0,617600.0,False,0.0,2022-12-01 10:48:45,AAA
388,7980.0,10000,430.0,0.1,SD,1287100.0,607600.0,False,0.0,2022-12-01 10:48:45,AAA
389,7980.0,400,430.0,0.1,SD,1287100.0,597600.0,False,0.0,2022-12-01 10:48:45,AAA
390,7980.0,1000,430.0,0.1,SD,1287100.0,597200.0,False,-10.0,2022-12-01 10:48:45,AAA
391,7990.0,500,440.0,0.1,SD,1287100.0,596200.0,False,0.0,2022-12-01 10:48:45,AAA
392,7990.0,9600,440.0,0.1,SD,1287100.0,595700.0,False,-10.0,2022-12-01 10:48:45,AAA
393,8000.0,800,450.0,0.1,BU,1287100.0,586100.0,False,10.0,2022-12-01 10:48:34,AAA
394,7990.0,400,440.0,0.1,SD,1286300.0,586100.0,False,0.0,2022-12-01 10:48:32,AAA
395,7990.0,100,440.0,0.1,SD,1286300.0,585700.0,False,0.0,2022-12-01 10:48:32,AAA
396,7990.0,1000,440.0,0.1,SD,1286300.0,585600.0,False,0.0,2022-12-01 10:48:32,AAA
397,7990.0,1500,440.0,0.1,SD,1286300.0,584600.0,False,0.0,2022-12-01 10:48:32,AAA
398,7990.0,2500,440.0,0.1,SD,1286300.0,583100.0,False,-10.0,2022-12-01 10:48:13,AAA
399,8000.0,200,450.0,0.1,BU,1286300.0,580600.0,False,10.0,2022-12-01 10:48:04,AAA
400,7990.0,5000,440.0,0.1,SD,1286100.0,580600.0,False,0.0,2022-12-01 10:47:57,AAA
401,7990.0,1000,440.0,0.1,BU,1286100.0,575600.0,False,0.0,2022-12-01 10:47:40,AAA
402,7990.0,10000,440.0,0.1,BU,1285100.0,575600.0,False,0.0,2022-12-01 10:47:35,AAA
403,7990.0,500,440.0,0.1,SD,1275100.0,575600.0,False,0.0,2022-12-01 10:47:22,AAA
404,7990.0,1000,440.0,0.1,SD,1275100.0,575100.0,False,-10.0,2022-12-01 10:47:22,AAA
405,8000.0,1000,450.0,0.1,BU,1275100.0,574100.0,False,10.0,2022-12-01 10:47:18,AAA
406,7990.0,100,440.0,0.1,SD,1274100.0,574100.0,False,-10.0,2022-12-01 10:47:12,AAA
407,8000.0,600,450.0,0.1,BU,1274100.0,574000.0,False,0.0,2022-12-01 10:47:05,AAA
408,8000.0,500,450.0,0.1,BU,1273400.0,574000.0,False,0.0,2022-12-01 10:47:05,AAA
409,8000.0,100,450.0,0.1,BU,1273500.0,574000.0,False,0.0,2022-12-01 10:47:05,AAA
410,8000.0,300,450.0,0.1,BU,1272900.0,574000.0,False,0.0,2022-12-01 10:47:05,AAA
411,8000.0,500,450.0,0.1,BU,1272600.0,574000.0,False,10.0,2022-12-01 10:47:05,AAA
412,7990.0,4700,440.0,0.1,BU,1272100.0,574000.0,False,0.0,2022-12-01 10:47:04,AAA
413,7990.0,5900,440.0,0.1,BU,1267400.0,574000.0,False,0.0,2022-12-01 10:47:04,AAA
414,7990.0,7300,440.0,0.1,BU,1261500.0,574000.0,False,0.0,2022-12-01 10:47:04,AAA
415,7990.0,300,440.0,0.1,BU,1254200.0,574000.0,False,0.0,2022-12-01 10:45:39,AAA
416,7990.0,6800,440.0,0.1,BU,1253900.0,574000.0,False,0.0,2022-12-01 10:45:33,AAA
417,7990.0,600,440.0,0.1,BU,1247100.0,574000.0,False,0.0,2022-12-01 10:45:33,AAA
418,7990.0,500,440.0,0.1,BU,1246500.0,574000.0,False,0.0,2022-12-01 10:45:33,AAA
419,7990.0,100,440.0,0.1,BU,1246000.0,574000.0,False,0.0,2022-12-01 10:45:07,AAA
420,7990.0,400,440.0,0.1,SD,1245900.0,574000.0,False,0.0,2022-12-01 10:45:03,AAA
421,7990.0,400,440.0,0.1,BU,1245900.0,573600.0,False,0.0,2022-12-01 10:45:01,AAA
422,7990.0,500,440.0,0.1,BU,1245500.0,573600.0,False,0.0,2022-12-01 10:45:01,AAA
423,7990.0,100,440.0,0.1,BU,1245000.0,573600.0,False,10.0,2022-12-01 10:44:58,AAA
424,7980.0,1000,430.0,0.1,SD,1244900.0,573600.0,False,0.0,2022-12-01 10:44:51,AAA
425,7980.0,18100,430.0,0.1,SD,1244900.0,572600.0,False,-10.0,2022-12-01 10:44:29,AAA
426,7990.0,1900,440.0,0.1,SD,1244900.0,554500.0,False,0.0,2022-12-01 10:44:29,AAA
427,7990.0,500,440.0,0.1,SD,1244900.0,552600.0,False,0.0,2022-12-01 10:44:26,AAA
428,7990.0,500,440.0,0.1,BU,1244900.0,552100.0,False,0.0,2022-12-01 10:44:26,AAA
429,7990.0,200,440.0,0.1,BU,1244400.0,552100.0,False,0.0,2022-12-01 10:44:26,AAA
430,7990.0,100,440.0,0.1,BU,1244200.0,552100.0,False,0.0,2022-12-01 10:44:26,AAA
431,7990.0,200,440.0,0.1,BU,1244100.0,552100.0,False,0.0,2022-12-01 10:44:26,AAA
432,7990.0,300,440.0,0.1,BU,1243900.0,552100.0,False,0.0,2022-12-01 10:44:26,AAA
433,7990.0,500,440.0,0.1,BU,1243600.0,552100.0,False,0.0,2022-12-01 10:44:26,AAA
434,7990.0,300,440.0,0.1,BU,1243100.0,552100.0,False,0.0,2022-12-01 10:44:26,AAA
435,7990.0,100,440.0,0.1,BU,1242800.0,552100.0,False,0.0,2022-12-01 10:44:26,AAA
436,7990.0,1000,440.0,0.1,BU,1242700.0,552100.0,False,0.0,2022-12-01 10:44:26,AAA
437,7990.0,100,440.0,0.1,BU,1241700.0,552100.0,False,0.0,2022-12-01 10:44:26,AAA
438,7990.0,1000,440.0,0.1,BU,1241600.0,552100.0,False,10.0,2022-12-01 10:44:21,AAA
439,7980.0,500,430.0,0.1,SD,1240600.0,552100.0,False,0.0,2022-12-01 10:44:19,AAA
440,7980.0,400,430.0,0.1,SD,1240600.0,551600.0,False,0.0,2022-12-01 10:44:16,AAA
441,7980.0,900,430.0,0.1,SD,1240600.0,551200.0,False,0.0,2022-12-01 10:44:16,AAA
442,7980.0,1300,430.0,0.1,SD,1240600.0,550300.0,False,0.0,2022-12-01 10:44:16,AAA
443,7980.0,100,430.0,0.1,SD,1240600.0,549000.0,False,0.0,2022-12-01 10:44:11,AAA
444,7980.0,100,430.0,0.1,SD,1240600.0,548900.0,False,0.0,2022-12-01 10:44:11,AAA
445,7980.0,500,430.0,0.1,SD,1240600.0,548800.0,False,0.0,2022-12-01 10:44:06,AAA
446,7980.0,2500,430.0,0.1,BU,1240600.0,548300.0,False,0.0,2022-12-01 10:43:53,AAA
447,7980.0,2500,430.0,0.1,BU,1238100.0,548300.0,False,0.0,2022-12-01 10:43:53,AAA
448,7980.0,600,430.0,0.1,BU,1235600.0,548300.0,False,0.0,2022-12-01 10:43:53,AAA
449,7980.0,2000,430.0,0.1,BU,1235000.0,548300.0,False,0.0,2022-12-01 10:43:52,AAA
450,7980.0,8000,430.0,0.1,BU,1233000.0,548300.0,False,0.0,2022-12-01 10:43:46,AAA
451,7980.0,8000,430.0,0.1,BU,1225000.0,548300.0,False,0.0,2022-12-01 10:43:46,AAA
452,7980.0,500,430.0,0.1,BU,1217000.0,548300.0,False,0.0,2022-12-01 10:43:45,AAA
453,7980.0,1100,430.0,0.1,BU,1216500.0,548300.0,False,10.0,2022-12-01 10:43:45,AAA
454,7970.0,500,420.0,0.1,SD,1215400.0,548300.0,False,0.0,2022-12-01 10:43:45,AAA
455,7970.0,6400,420.0,0.1,SD,1215400.0,547800.0,False,0.0,2022-12-01 10:43:15,AAA
456,7970.0,13600,420.0,0.1,SD,1215400.0,541400.0,False,0.0,2022-12-01 10:43:15,AAA
457,7970.0,1400,420.0,0.1,BU,1215400.0,527800.0,False,0.0,2022-12-01 10:43:05,AAA
458,7970.0,600,420.0,0.1,BU,1214000.0,527800.0,False,0.0,2022-12-01 10:42:58,AAA
459,7970.0,900,420.0,0.1,BU,1213400.0,527800.0,False,0.0,2022-12-01 10:42:58,AAA
460,7970.0,4700,420.0,0.1,BU,1212500.0,527800.0,False,0.0,2022-12-01 10:42:58,AAA
461,7970.0,20000,420.0,0.1,SD,1207800.0,527800.0,False,10.0,2022-12-01 10:42:47,AAA
462,7960.0,1000,410.0,0.1,SD,1207800.0,507800.0,False,0.0,2022-12-01 10:42:29,AAA
463,7960.0,400,410.0,0.1,SD,1207800.0,506800.0,False,0.0,2022-12-01 10:42:11,AAA
464,7960.0,200,410.0,0.1,SD,1207800.0,506400.0,False,0.0,2022-12-01 10:42:11,AAA
465,7960.0,400,410.0,0.1,SD,1207800.0,506200.0,False,-20.0,2022-12-01 10:42:11,AAA
466,7980.0,500,430.0,0.1,BU,1207800.0,505800.0,False,0.0,2022-12-01 10:41:53,AAA
467,7980.0,200,430.0,0.1,BU,1207300.0,505800.0,False,0.0,2022-12-01 10:41:14,AAA
468,7980.0,6200,430.0,0.1,BU,1207100.0,505800.0,False,0.0,2022-12-01 10:41:14,AAA
469,7980.0,2000,430.0,0.1,BU,1200900.0,505800.0,False,0.0,2022-12-01 10:41:14,AAA
470,7980.0,500,430.0,0.1,BU,1198900.0,505800.0,False,0.0,2022-12-01 10:41:14,AAA
471,7980.0,7800,430.0,0.1,BU,1198400.0,505800.0,False,10.0,2022-12-01 10:41:14,AAA
472,7970.0,100,420.0,0.1,BU,1190400.0,505800.0,False,0.0,2022-12-01 10:41:14,AAA
473,7970.0,200,420.0,0.1,BU,1190600.0,505800.0,False,0.0,2022-12-01 10:41:14,AAA
474,7970.0,2900,420.0,0.1,BU,1190000.0,505800.0,False,0.0,2022-12-01 10:41:14,AAA
475,7970.0,300,420.0,0.1,BU,1190300.0,505800.0,False,0.0,2022-12-01 10:41:14,AAA
476,7970.0,500,420.0,0.1,BU,1187100.0,505800.0,False,10.0,2022-12-01 10:41:10,AAA
477,7960.0,400,410.0,0.1,SD,1186600.0,505800.0,False,-10.0,2022-12-01 10:41:10,AAA
478,7970.0,1000,420.0,0.1,BU,1186600.0,505400.0,False,0.0,2022-12-01 10:41:01,AAA
479,7970.0,500,420.0,0.1,BU,1185600.0,505400.0,False,0.0,2022-12-01 10:40:51,AAA
480,7970.0,100,420.0,0.1,SD,1185100.0,505400.0,False,0.0,2022-12-01 10:40:39,AAA
481,7970.0,500,420.0,0.1,BU,1185100.0,505300.0,False,0.0,2022-12-01 10:40:18,AAA
482,7970.0,200,420.0,0.1,BU,1184600.0,505300.0,False,0.0,2022-12-01 10:40:18,AAA
483,7970.0,400,420.0,0.1,BU,1184400.0,505300.0,False,0.0,2022-12-01 10:40:18,AAA
484,7970.0,300,420.0,0.1,BU,1184000.0,505300.0,False,0.0,2022-12-01 10:40:08,AAA
485,7970.0,9300,420.0,0.1,BU,1183700.0,505300.0,False,0.0,2022-12-01 10:39:53,AAA
486,7970.0,700,420.0,0.1,BU,1174400.0,505300.0,False,10.0,2022-12-01 10:39:53,AAA
487,7960.0,200,410.0,0.1,SD,1173700.0,505300.0,False,0.0,2022-12-01 10:39:49,AAA
488,7960.0,300,410.0,0.1,SD,1173700.0,505100.0,False,0.0,2022-12-01 10:39:49,AAA
489,7960.0,100,410.0,0.1,SD,1173700.0,504800.0,False,-10.0,2022-12-01 10:39:30,AAA
490,7970.0,300,420.0,0.1,BU,1173700.0,504700.0,False,-10.0,2022-12-01 10:39:25,AAA
491,7980.0,1900,430.0,0.1,BU,1173400.0,504700.0,False,0.0,2022-12-01 10:38:24,AAA
492,7980.0,100,430.0,0.1,BU,1171500.0,504700.0,False,20.0,2022-12-01 10:38:22,AAA
493,7960.0,1000,410.0,0.1,SD,1171400.0,504700.0,False,0.0,2022-12-01 10:38:19,AAA
494,7960.0,100,410.0,0.1,SD,1171400.0,503700.0,False,0.0,2022-12-01 10:38:19,AAA
495,7960.0,900,410.0,0.1,SD,1171400.0,503600.0,False,0.0,2022-12-01 10:38:19,AAA
496,7960.0,100,410.0,0.1,SD,1171400.0,502700.0,False,-20.0,2022-12-01 10:38:03,AAA
497,7980.0,200,430.0,0.1,BU,1171400.0,502600.0,False,-10.0,2022-12-01 10:37:49,AAA
498,7990.0,2200,440.0,0.1,BU,1171200.0,502600.0,False,0.0,2022-12-01 10:37:36,AAA
499,7990.0,6000,440.0,0.1,BU,1169000.0,502600.0,False,0.0,2022-12-01 10:37:36,AAA
500,7990.0,10000,440.0,0.1,BU,1163000.0,502600.0,False,0.0,2022-12-01 10:37:36,AAA
501,7980.0,100,430.0,0.1,BU,1151500.0,502600.0,False,0.0,2022-12-01 10:37:36,AAA
502,7980.0,10000,430.0,0.1,BU,1151400.0,502600.0,False,0.0,2022-12-01 10:37:36,AAA
503,7990.0,1500,440.0,0.1,BU,1153000.0,502600.0,False,10.0,2022-12-01 10:37:36,AAA
504,7980.0,600,430.0,0.1,BU,1141400.0,502600.0,False,0.0,2022-12-01 10:37:36,AAA
505,7980.0,500,430.0,0.1,BU,1134700.0,502600.0,False,10.0,2022-12-01 10:37:36,AAA
506,7970.0,2000,420.0,0.1,BU,1134200.0,502600.0,False,0.0,2022-12-01 10:37:36,AAA
507,7980.0,200,430.0,0.1,BU,1140800.0,502600.0,False,0.0,2022-12-01 10:37:36,AAA
508,7980.0,1000,430.0,0.1,BU,1140600.0,502600.0,False,0.0,2022-12-01 10:37:36,AAA
509,7980.0,4900,430.0,0.1,BU,1139600.0,502600.0,False,0.0,2022-12-01 10:37:36,AAA
510,7970.0,100,420.0,0.1,BU,1132200.0,502600.0,False,0.0,2022-12-01 10:37:36,AAA
511,7970.0,300,420.0,0.1,BU,1132100.0,502600.0,False,0.0,2022-12-01 10:37:36,AAA
512,7970.0,4900,420.0,0.1,BU,1131800.0,502600.0,False,0.0,2022-12-01 10:37:36,AAA
513,7970.0,900,420.0,0.1,BU,1126900.0,502600.0,False,10.0,2022-12-01 10:37:36,AAA
514,7960.0,4800,410.0,0.1,BU,1126000.0,502600.0,False,0.0,2022-12-01 10:37:36,AAA
515,7960.0,200,410.0,0.1,BU,1121200.0,502600.0,False,0.0,2022-12-01 10:37:36,AAA
516,7960.0,1000,410.0,0.1,BU,1121000.0,502600.0,False,-10.0,2022-12-01 10:37:29,AAA
517,7970.0,100,420.0,0.1,BU,1120000.0,502600.0,False,10.0,2022-12-01 10:37:20,AAA
518,7960.0,900,410.0,0.1,BU,1119900.0,502600.0,False,0.0,2022-12-01 10:36:51,AAA
519,7960.0,100,410.0,0.1,BU,1119000.0,502600.0,False,0.0,2022-12-01 10:36:48,AAA
520,7960.0,100,410.0,0.1,BU,1118900.0,502600.0,False,0.0,2022-12-01 10:36:42,AAA
521,7960.0,400,410.0,0.1,SD,1118800.0,502600.0,False,0.0,2022-12-01 10:36:37,AAA
522,7960.0,200,410.0,0.1,BU,1118800.0,502200.0,False,0.0,2022-12-01 10:36:13,AAA
523,7960.0,1000,410.0,0.1,BU,1118600.0,502200.0,False,0.0,2022-12-01 10:36:05,AAA
524,7960.0,100,410.0,0.1,BU,1117600.0,502200.0,False,0.0,2022-12-01 10:36:05,AAA
525,7960.0,8000,410.0,0.1,BU,1117500.0,502200.0,False,0.0,2022-12-01 10:36:05,AAA
526,7960.0,100,410.0,0.1,BU,1109500.0,502200.0,False,0.0,2022-12-01 10:35:50,AAA
527,7960.0,900,410.0,0.1,BU,1109400.0,502200.0,False,0.0,2022-12-01 10:35:50,AAA
528,7960.0,1000,410.0,0.1,BU,1108500.0,502200.0,False,0.0,2022-12-01 10:35:30,AAA
529,7960.0,100,410.0,0.1,BU,1107500.0,502200.0,False,10.0,2022-12-01 10:35:23,AAA
530,7950.0,2000,400.0,0.1,SD,1107400.0,502200.0,False,0.0,2022-12-01 10:35:10,AAA
531,7950.0,1000,400.0,0.1,SD,1107400.0,500200.0,False,0.0,2022-12-01 10:34:56,AAA
532,7950.0,1900,400.0,0.1,BU,1107400.0,499200.0,False,0.0,2022-12-01 10:34:48,AAA
533,7950.0,2000,400.0,0.1,BU,1105500.0,499200.0,False,0.0,2022-12-01 10:34:41,AAA
534,7950.0,100,400.0,0.1,BU,1103500.0,499200.0,False,0.0,2022-12-01 10:34:33,AAA
535,7950.0,500,400.0,0.1,SD,1103400.0,499200.0,False,0.0,2022-12-01 10:34:32,AAA
536,7950.0,100,400.0,0.1,SD,1103400.0,498700.0,False,0.0,2022-12-01 10:34:32,AAA
537,7950.0,300,400.0,0.1,SD,1103400.0,498600.0,False,0.0,2022-12-01 10:34:32,AAA
538,7950.0,100,400.0,0.1,SD,1103400.0,498300.0,False,-10.0,2022-12-01 10:34:32,AAA
539,7960.0,6000,410.0,0.1,BU,1103400.0,498200.0,False,0.0,2022-12-01 10:34:28,AAA
540,7960.0,500,410.0,0.1,BU,1097400.0,498200.0,False,0.0,2022-12-01 10:34:28,AAA
541,7960.0,200,410.0,0.1,BU,1096900.0,498200.0,False,0.0,2022-12-01 10:34:28,AAA
542,7960.0,3300,410.0,0.1,BU,1096700.0,498200.0,False,0.0,2022-12-01 10:34:28,AAA
543,7960.0,1500,410.0,0.1,BU,1093400.0,498200.0,False,0.0,2022-12-01 10:34:23,AAA
544,7960.0,200,410.0,0.1,BU,1091900.0,498200.0,False,0.0,2022-12-01 10:34:08,AAA
545,7960.0,1000,410.0,0.1,BU,1091700.0,498200.0,False,0.0,2022-12-01 10:34:04,AAA
546,7960.0,1000,410.0,0.1,BU,1090700.0,498200.0,False,10.0,2022-12-01 10:34:04,AAA
547,7950.0,5000,400.0,0.1,BU,1089700.0,498200.0,False,0.0,2022-12-01 10:33:57,AAA
548,7950.0,5000,400.0,0.1,SD,1084700.0,498200.0,False,0.0,2022-12-01 10:33:57,AAA
549,7950.0,4900,400.0,0.1,BU,1084700.0,493200.0,False,0.0,2022-12-01 10:33:57,AAA
550,7950.0,100,400.0,0.1,BU,1079800.0,493200.0,False,10.0,2022-12-01 10:33:57,AAA
551,7940.0,1500,390.0,0.1,SD,1079700.0,493200.0,False,-10.0,2022-12-01 10:33:55,AAA
552,7950.0,6000,400.0,0.1,BU,1079700.0,491700.0,False,0.0,2022-12-01 10:33:45,AAA
553,7950.0,500,400.0,0.1,BU,1073700.0,491700.0,False,0.0,2022-12-01 10:33:45,AAA
554,7950.0,100,400.0,0.1,BU,1059600.0,491700.0,False,0.0,2022-12-01 10:33:45,AAA
555,7950.0,300,400.0,0.1,BU,1071900.0,491700.0,False,0.0,2022-12-01 10:33:45,AAA
556,7950.0,10000,400.0,0.1,BU,1069600.0,491700.0,False,0.0,2022-12-01 10:33:45,AAA
557,7950.0,300,400.0,0.1,BU,1073200.0,491700.0,False,0.0,2022-12-01 10:33:45,AAA
558,7950.0,1000,400.0,0.1,BU,1072900.0,491700.0,False,0.0,2022-12-01 10:33:45,AAA
559,7950.0,2000,400.0,0.1,BU,1071600.0,491700.0,False,0.0,2022-12-01 10:33:45,AAA
560,7950.0,8000,400.0,0.1,BU,1059500.0,491700.0,False,0.0,2022-12-01 10:33:45,AAA
561,7950.0,10000,400.0,0.1,BU,1051500.0,491700.0,False,0.0,2022-12-01 10:33:45,AAA
562,7950.0,2000,400.0,0.1,BU,1041500.0,491700.0,False,0.0,2022-12-01 10:33:45,AAA
563,7950.0,100,400.0,0.1,BU,1037900.0,491700.0,False,0.0,2022-12-01 10:33:45,AAA
564,7950.0,8100,400.0,0.1,BU,1037800.0,491700.0,False,10.0,2022-12-01 10:33:45,AAA
565,7950.0,100,400.0,0.1,BU,1039500.0,491700.0,False,0.0,2022-12-01 10:33:45,AAA
566,7950.0,500,400.0,0.1,BU,1039400.0,491700.0,False,0.0,2022-12-01 10:33:45,AAA
567,7950.0,1000,400.0,0.1,BU,1038900.0,491700.0,False,0.0,2022-12-01 10:33:45,AAA
568,7940.0,1000,390.0,0.1,SD,1029700.0,491700.0,False,-10.0,2022-12-01 10:33:40,AAA
569,7950.0,500,400.0,0.1,BU,1029700.0,490700.0,False,10.0,2022-12-01 10:33:37,AAA
570,7940.0,100,390.0,0.1,SD,1029200.0,490700.0,False,0.0,2022-12-01 10:33:26,AAA
571,7940.0,1300,390.0,0.1,SD,1029200.0,490600.0,False,-10.0,2022-12-01 10:33:25,AAA
572,7950.0,1400,400.0,0.1,BU,1029200.0,489300.0,False,0.0,2022-12-01 10:33:23,AAA
573,7950.0,100,400.0,0.1,BU,1027800.0,489300.0,False,10.0,2022-12-01 10:33:23,AAA
574,7940.0,10000,390.0,0.1,BU,1027700.0,489300.0,False,0.0,2022-12-01 10:33:07,AAA
575,7940.0,500,390.0,0.1,BU,1017700.0,489300.0,False,0.0,2022-12-01 10:33:07,AAA
576,7940.0,2000,390.0,0.1,BU,1017200.0,489300.0,False,0.0,2022-12-01 10:33:07,AAA
577,7940.0,100,390.0,0.1,BU,1015100.0,489300.0,False,0.0,2022-12-01 10:33:07,AAA
578,7940.0,5000,390.0,0.1,BU,1015000.0,489300.0,False,0.0,2022-12-01 10:33:07,AAA
579,7940.0,3000,390.0,0.1,BU,1010000.0,489300.0,False,0.0,2022-12-01 10:33:07,AAA
580,7940.0,100,390.0,0.1,BU,1007000.0,489300.0,False,0.0,2022-12-01 10:33:07,AAA
581,7940.0,500,390.0,0.1,BU,1006900.0,489300.0,False,0.0,2022-12-01 10:33:07,AAA
582,7940.0,1700,390.0,0.1,BU,1006400.0,489300.0,False,10.0,2022-12-01 10:33:07,AAA
583,7940.0,100,390.0,0.1,BU,1015200.0,489300.0,False,0.0,2022-12-01 10:33:07,AAA
584,7930.0,200,380.0,0.1,BU,1004700.0,489300.0,False,0.0,2022-12-01 10:32:53,AAA
585,7930.0,15100,380.0,0.1,BU,1004500.0,489300.0,False,0.0,2022-12-01 10:32:53,AAA
586,7930.0,500,380.0,0.1,BU,989400.0,489300.0,False,0.0,2022-12-01 10:32:53,AAA
587,7930.0,100,380.0,0.1,BU,988900.0,489300.0,False,0.0,2022-12-01 10:32:53,AAA
588,7930.0,5000,380.0,0.1,BU,988800.0,489300.0,False,0.0,2022-12-01 10:32:53,AAA
589,7930.0,3500,380.0,0.1,BU,983800.0,489300.0,False,10.0,2022-12-01 10:32:53,AAA
590,7920.0,500,370.0,0.0,SD,980300.0,489300.0,False,-10.0,2022-12-01 10:32:43,AAA
591,7930.0,200,380.0,0.1,BU,980300.0,488800.0,False,10.0,2022-12-01 10:32:36,AAA
592,7920.0,100,370.0,0.0,SD,980100.0,488800.0,False,-10.0,2022-12-01 10:32:35,AAA
593,7930.0,500,380.0,0.1,BU,980100.0,488700.0,False,10.0,2022-12-01 10:32:27,AAA
594,7920.0,300,370.0,0.0,SD,979600.0,488700.0,False,-10.0,2022-12-01 10:32:10,AAA
595,7930.0,500,380.0,0.1,BU,979600.0,488400.0,False,10.0,2022-12-01 10:32:02,AAA
596,7920.0,100,370.0,0.0,SD,979100.0,488400.0,False,-10.0,2022-12-01 10:31:54,AAA
597,7930.0,300,380.0,0.1,BU,979100.0,488300.0,False,10.0,2022-12-01 10:31:37,AAA
598,7920.0,300,370.0,0.0,SD,978800.0,488300.0,False,0.0,2022-12-01 10:31:29,AAA
599,7920.0,1000,370.0,0.0,SD,978800.0,488000.0,False,0.0,2022-12-01 10:31:29,AAA
600,7920.0,200,370.0,0.0,SD,978800.0,487000.0,False,-10.0,2022-12-01 10:31:04,AAA
601,7930.0,400,380.0,0.1,BU,978800.0,486800.0,False,0.0,2022-12-01 10:31:02,AAA
602,7930.0,100,380.0,0.1,BU,978400.0,486800.0,False,0.0,2022-12-01 10:31:00,AAA
603,7930.0,900,380.0,0.1,BU,978300.0,486800.0,False,0.0,2022-12-01 10:30:43,AAA
604,7930.0,9100,380.0,0.1,BU,977400.0,486800.0,False,0.0,2022-12-01 10:30:43,AAA
605,7930.0,2000,380.0,0.1,BU,968300.0,486800.0,False,0.0,2022-12-01 10:30:42,AAA
606,7930.0,8000,380.0,0.1,BU,966300.0,486800.0,False,10.0,2022-12-01 10:30:36,AAA
607,7920.0,5000,370.0,0.0,BU,958300.0,486800.0,False,0.0,2022-12-01 10:30:25,AAA
608,7920.0,3900,370.0,0.0,BU,953300.0,486800.0,False,0.0,2022-12-01 10:30:25,AAA
609,7920.0,5000,370.0,0.0,BU,949400.0,486800.0,False,10.0,2022-12-01 10:30:19,AAA
610,7910.0,9600,360.0,0.0,SD,944400.0,486800.0,False,-10.0,2022-12-01 10:30:14,AAA
611,7920.0,100,370.0,0.0,BU,944400.0,477200.0,False,0.0,2022-12-01 10:30:09,AAA
612,7920.0,1000,370.0,0.0,BU,944300.0,477200.0,False,0.0,2022-12-01 10:30:04,AAA
613,7920.0,100,370.0,0.0,BU,943300.0,477200.0,False,10.0,2022-12-01 10:30:03,AAA
614,7910.0,1300,360.0,0.0,SD,943200.0,477200.0,False,-10.0,2022-12-01 10:30:01,AAA
615,7920.0,100,370.0,0.0,BU,943200.0,475900.0,False,0.0,2022-12-01 10:29:59,AAA
616,7920.0,200,370.0,0.0,BU,943100.0,475900.0,False,0.0,2022-12-01 10:29:59,AAA
617,7920.0,400,370.0,0.0,BU,942900.0,475900.0,False,0.0,2022-12-01 10:29:51,AAA
618,7920.0,500,370.0,0.0,BU,942500.0,475900.0,False,0.0,2022-12-01 10:29:38,AAA
619,7920.0,100,370.0,0.0,BU,942000.0,475900.0,False,0.0,2022-12-01 10:29:36,AAA
620,7920.0,10000,370.0,0.0,BU,941900.0,475900.0,False,0.0,2022-12-01 10:29:26,AAA
621,7920.0,8800,370.0,0.0,BU,931900.0,475900.0,False,0.0,2022-12-01 10:28:54,AAA
622,7920.0,300,370.0,0.0,BU,923100.0,475900.0,False,0.0,2022-12-01 10:28:54,AAA
623,7920.0,5000,370.0,0.0,BU,922800.0,475900.0,False,10.0,2022-12-01 10:28:54,AAA
624,7910.0,300,360.0,0.0,SD,917800.0,475900.0,False,0.0,2022-12-01 10:28:34,AAA
625,7910.0,16400,360.0,0.0,BU,917800.0,475600.0,False,0.0,2022-12-01 10:28:24,AAA
626,7910.0,500,360.0,0.0,BU,901400.0,475600.0,False,0.0,2022-12-01 10:28:14,AAA
627,7910.0,3000,360.0,0.0,SD,900900.0,475600.0,False,0.0,2022-12-01 10:28:14,AAA
628,7910.0,100,360.0,0.0,SD,900900.0,472600.0,False,0.0,2022-12-01 10:28:14,AAA
629,7910.0,700,360.0,0.0,SD,900900.0,471600.0,False,0.0,2022-12-01 10:28:09,AAA
630,7910.0,25000,360.0,0.0,SD,900900.0,470900.0,False,0.0,2022-12-01 10:28:09,AAA
631,7910.0,900,360.0,0.0,SD,900900.0,472500.0,False,0.0,2022-12-01 10:28:09,AAA
632,7910.0,100,360.0,0.0,SD,900900.0,445900.0,False,0.0,2022-12-01 10:28:09,AAA
633,7910.0,2000,360.0,0.0,SD,900900.0,445800.0,False,0.0,2022-12-01 10:28:09,AAA
634,7910.0,500,360.0,0.0,SD,900900.0,443800.0,False,0.0,2022-12-01 10:28:09,AAA
635,7910.0,500,360.0,0.0,SD,900900.0,443300.0,False,0.0,2022-12-01 10:28:09,AAA
636,7910.0,7300,360.0,0.0,SD,900900.0,442800.0,False,0.0,2022-12-01 10:28:09,AAA
637,7910.0,5900,360.0,0.0,SD,900900.0,435500.0,False,-10.0,2022-12-01 10:27:36,AAA
638,7920.0,4100,370.0,0.0,SD,900900.0,429600.0,False,0.0,2022-12-01 10:27:36,AAA
639,7920.0,10000,370.0,0.0,BU,900800.0,425500.0,False,0.0,2022-12-01 10:27:28,AAA
640,7920.0,100,370.0,0.0,BU,900900.0,425500.0,False,0.0,2022-12-01 10:27:28,AAA
641,7920.0,800,370.0,0.0,BU,890800.0,425500.0,False,0.0,2022-12-01 10:27:28,AAA
642,7920.0,700,370.0,0.0,BU,890000.0,425500.0,False,0.0,2022-12-01 10:27:20,AAA
643,7920.0,200,370.0,0.0,BU,889300.0,425500.0,False,0.0,2022-12-01 10:27:16,AAA
644,7920.0,100,370.0,0.0,SD,889100.0,425500.0,False,-10.0,2022-12-01 10:27:13,AAA
645,7930.0,900,380.0,0.1,BU,889100.0,425400.0,False,0.0,2022-12-01 10:27:11,AAA
646,7930.0,2000,380.0,0.1,BU,888200.0,425400.0,False,0.0,2022-12-01 10:27:11,AAA
647,7930.0,500,380.0,0.1,BU,886200.0,425400.0,False,0.0,2022-12-01 10:27:11,AAA
648,7930.0,100,380.0,0.1,BU,885700.0,425400.0,False,0.0,2022-12-01 10:27:11,AAA
649,7930.0,1000,380.0,0.1,BU,885600.0,425400.0,False,0.0,2022-12-01 10:27:11,AAA
650,7930.0,500,380.0,0.1,BU,884600.0,425400.0,False,10.0,2022-12-01 10:27:11,AAA
651,7920.0,3200,370.0,0.0,SD,884100.0,425400.0,False,0.0,2022-12-01 10:26:56,AAA
652,7920.0,700,370.0,0.0,BU,884100.0,422200.0,False,0.0,2022-12-01 10:26:52,AAA
653,7920.0,100,370.0,0.0,SD,883400.0,422200.0,False,0.0,2022-12-01 10:26:51,AAA
654,7920.0,4200,370.0,0.0,SD,883400.0,422100.0,False,0.0,2022-12-01 10:26:51,AAA
655,7920.0,3700,370.0,0.0,SD,883400.0,417900.0,False,0.0,2022-12-01 10:26:49,AAA
656,7920.0,4000,370.0,0.0,SD,883400.0,414200.0,False,0.0,2022-12-01 10:26:48,AAA
657,7920.0,3100,370.0,0.0,SD,883400.0,410200.0,False,0.0,2022-12-01 10:26:47,AAA
658,7920.0,500,370.0,0.0,SD,883400.0,407100.0,False,0.0,2022-12-01 10:26:47,AAA
659,7920.0,4100,370.0,0.0,SD,883400.0,406600.0,False,0.0,2022-12-01 10:26:42,AAA
660,7920.0,2400,370.0,0.0,SD,883400.0,402500.0,False,0.0,2022-12-01 10:26:35,AAA
661,7920.0,500,370.0,0.0,SD,883400.0,400100.0,False,0.0,2022-12-01 10:26:25,AAA
662,7920.0,500,370.0,0.0,SD,883400.0,399600.0,False,0.0,2022-12-01 10:26:17,AAA
663,7920.0,1600,370.0,0.0,SD,883400.0,399100.0,False,0.0,2022-12-01 10:26:15,AAA
664,7920.0,400,370.0,0.0,SD,883400.0,397500.0,False,0.0,2022-12-01 10:25:06,AAA
665,7920.0,600,370.0,0.0,SD,883400.0,397100.0,False,0.0,2022-12-01 10:25:05,AAA
666,7920.0,400,370.0,0.0,SD,883400.0,396500.0,False,0.0,2022-12-01 10:24:58,AAA
667,7920.0,5100,370.0,0.0,SD,883400.0,396100.0,False,0.0,2022-12-01 10:24:58,AAA
668,7920.0,1200,370.0,0.0,SD,883400.0,391000.0,False,0.0,2022-12-01 10:24:57,AAA
669,7920.0,3000,370.0,0.0,SD,883400.0,389800.0,False,0.0,2022-12-01 10:24:43,AAA
670,7920.0,700,370.0,0.0,SD,883400.0,386800.0,False,0.0,2022-12-01 10:24:43,AAA
671,7920.0,1000,370.0,0.0,SD,883400.0,386100.0,False,0.0,2022-12-01 10:24:30,AAA
672,7920.0,500,370.0,0.0,SD,883400.0,385100.0,False,-10.0,2022-12-01 10:24:10,AAA
673,7930.0,100,380.0,0.1,BU,883400.0,384600.0,False,0.0,2022-12-01 10:24:07,AAA
674,7930.0,300,380.0,0.1,BU,883300.0,384600.0,False,0.0,2022-12-01 10:24:01,AAA
675,7930.0,1500,380.0,0.1,BU,883000.0,384600.0,False,0.0,2022-12-01 10:23:32,AAA
676,7930.0,1000,380.0,0.1,SD,881500.0,384600.0,False,0.0,2022-12-01 10:23:08,AAA
677,7930.0,6600,380.0,0.1,SD,881500.0,353600.0,False,0.0,2022-12-01 10:23:08,AAA
678,7930.0,30000,380.0,0.1,SD,881500.0,383600.0,True,0.0,2022-12-01 10:23:08,AAA
679,7930.0,900,380.0,0.1,SD,881500.0,347000.0,False,-10.0,2022-12-01 10:22:59,AAA
680,7940.0,1000,390.0,0.1,BU,881500.0,346100.0,False,10.0,2022-12-01 10:22:52,AAA
681,7930.0,1000,380.0,0.1,SD,880500.0,346100.0,False,-10.0,2022-12-01 10:22:50,AAA
682,7940.0,2300,390.0,0.1,BU,880500.0,345100.0,False,10.0,2022-12-01 10:22:42,AAA
683,7930.0,100,380.0,0.1,SD,878200.0,345100.0,False,0.0,2022-12-01 10:22:11,AAA
684,7930.0,100,380.0,0.1,SD,878200.0,345000.0,False,0.0,2022-12-01 10:22:07,AAA
685,7930.0,100,380.0,0.1,SD,878200.0,344900.0,False,0.0,2022-12-01 10:22:05,AAA
686,7930.0,100,380.0,0.1,SD,878200.0,344800.0,False,0.0,2022-12-01 10:22:02,AAA
687,7930.0,100,380.0,0.1,BU,878200.0,344700.0,False,0.0,2022-12-01 10:21:26,AAA
688,7930.0,100,380.0,0.1,BU,878100.0,344700.0,False,0.0,2022-12-01 10:21:26,AAA
689,7930.0,1000,380.0,0.1,BU,878000.0,344700.0,False,0.0,2022-12-01 10:21:26,AAA
690,7930.0,100,380.0,0.1,BU,877000.0,344700.0,False,0.0,2022-12-01 10:21:26,AAA
691,7930.0,600,380.0,0.1,BU,876900.0,344700.0,False,0.0,2022-12-01 10:21:25,AAA
692,7930.0,100,380.0,0.1,BU,875300.0,344700.0,False,0.0,2022-12-01 10:21:25,AAA
693,7930.0,1700,380.0,0.1,BU,875200.0,344700.0,False,0.0,2022-12-01 10:21:25,AAA
694,7930.0,1000,380.0,0.1,BU,876300.0,344700.0,False,0.0,2022-12-01 10:21:25,AAA
695,7930.0,300,380.0,0.1,BU,873500.0,344700.0,False,10.0,2022-12-01 10:21:08,AAA
696,7920.0,100,370.0,0.0,SD,873200.0,344700.0,False,0.0,2022-12-01 10:20:57,AAA
697,7920.0,300,370.0,0.0,SD,873200.0,344600.0,False,0.0,2022-12-01 10:20:48,AAA
698,7920.0,200,370.0,0.0,SD,873200.0,344300.0,False,0.0,2022-12-01 10:20:48,AAA
699,7920.0,100,370.0,0.0,SD,873200.0,344100.0,False,0.0,2022-12-01 10:20:40,AAA
700,7920.0,1700,370.0,0.0,SD,873200.0,344000.0,False,0.0,2022-12-01 10:20:25,AAA
701,7920.0,100,370.0,0.0,SD,873200.0,342300.0,False,0.0,2022-12-01 10:20:25,AAA
702,7920.0,500,370.0,0.0,SD,873200.0,342200.0,False,0.0,2022-12-01 10:20:12,AAA
703,7920.0,400,370.0,0.0,SD,873200.0,341700.0,False,0.0,2022-12-01 10:20:09,AAA
704,7920.0,100,370.0,0.0,SD,873200.0,341300.0,False,0.0,2022-12-01 10:20:09,AAA
705,7920.0,500,370.0,0.0,SD,873200.0,341200.0,False,0.0,2022-12-01 10:20:01,AAA
706,7920.0,300,370.0,0.0,SD,873200.0,340700.0,False,0.0,2022-12-01 10:19:35,AAA
707,7920.0,100,370.0,0.0,SD,873200.0,340400.0,False,0.0,2022-12-01 10:19:34,AAA
708,7920.0,2000,370.0,0.0,BU,873200.0,340300.0,False,0.0,2022-12-01 10:19:27,AAA
709,7920.0,2000,370.0,0.0,BU,871200.0,340300.0,False,0.0,2022-12-01 10:19:27,AAA
710,7920.0,100,370.0,0.0,BU,869200.0,340300.0,False,0.0,2022-12-01 10:19:27,AAA
711,7920.0,200,370.0,0.0,BU,869100.0,340300.0,False,0.0,2022-12-01 10:19:27,AAA
712,7920.0,100,370.0,0.0,BU,868900.0,340300.0,False,0.0,2022-12-01 10:19:27,AAA
713,7920.0,100,370.0,0.0,BU,868800.0,340300.0,False,0.0,2022-12-01 10:19:27,AAA
714,7920.0,14500,370.0,0.0,BU,868700.0,340300.0,False,10.0,2022-12-01 10:19:27,AAA
715,7910.0,100,360.0,0.0,SD,854200.0,340300.0,False,0.0,2022-12-01 10:18:59,AAA
716,7910.0,100,360.0,0.0,SD,854200.0,340200.0,False,0.0,2022-12-01 10:18:57,AAA
717,7910.0,100,360.0,0.0,BU,854200.0,340100.0,False,0.0,2022-12-01 10:18:49,AAA
718,7910.0,500,360.0,0.0,BU,854100.0,340100.0,False,0.0,2022-12-01 10:18:49,AAA
719,7910.0,1000,360.0,0.0,BU,853600.0,340100.0,False,0.0,2022-12-01 10:18:49,AAA
720,7910.0,200,360.0,0.0,SD,852600.0,340100.0,False,0.0,2022-12-01 10:18:35,AAA
721,7910.0,100,360.0,0.0,SD,852600.0,339900.0,False,0.0,2022-12-01 10:18:32,AAA
722,7910.0,1000,360.0,0.0,BU,852600.0,339800.0,False,0.0,2022-12-01 10:18:11,AAA
723,7910.0,200,360.0,0.0,BU,851600.0,339800.0,False,0.0,2022-12-01 10:18:11,AAA
724,7910.0,100,360.0,0.0,BU,851400.0,339800.0,False,0.0,2022-12-01 10:17:16,AAA
725,7910.0,200,360.0,0.0,BU,851300.0,339800.0,False,10.0,2022-12-01 10:17:16,AAA
726,7900.0,5000,350.0,0.0,SD,851100.0,339800.0,False,-10.0,2022-12-01 10:16:59,AAA
727,7910.0,4800,360.0,0.0,SD,851100.0,334800.0,False,0.0,2022-12-01 10:16:59,AAA
728,7910.0,100,360.0,0.0,SD,851100.0,330000.0,False,0.0,2022-12-01 10:16:57,AAA
729,7910.0,3000,360.0,0.0,SD,851100.0,329900.0,False,0.0,2022-12-01 10:16:48,AAA
730,7910.0,2000,360.0,0.0,BU,851100.0,326900.0,False,0.0,2022-12-01 10:16:48,AAA
731,7910.0,100,360.0,0.0,BU,849100.0,326900.0,False,0.0,2022-12-01 10:16:48,AAA
732,7910.0,5000,360.0,0.0,BU,849000.0,326900.0,False,10.0,2022-12-01 10:16:48,AAA
733,7900.0,200,350.0,0.0,SD,844000.0,326900.0,False,0.0,2022-12-01 10:16:37,AAA
734,7900.0,100,350.0,0.0,SD,844000.0,326700.0,False,0.0,2022-12-01 10:16:34,AAA
735,7900.0,500,350.0,0.0,BU,844000.0,326600.0,False,0.0,2022-12-01 10:16:24,AAA
736,7900.0,2000,350.0,0.0,BU,843500.0,326600.0,False,0.0,2022-12-01 10:16:24,AAA
737,7900.0,100,350.0,0.0,BU,838500.0,326600.0,False,0.0,2022-12-01 10:16:24,AAA
738,7900.0,3000,350.0,0.0,BU,841500.0,326600.0,False,0.0,2022-12-01 10:16:24,AAA
739,7900.0,1000,350.0,0.0,BU,838400.0,326600.0,False,0.0,2022-12-01 10:16:24,AAA
740,7900.0,1300,350.0,0.0,BU,837400.0,326600.0,False,0.0,2022-12-01 10:16:24,AAA
741,7900.0,400,350.0,0.0,BU,836100.0,326600.0,False,20.0,2022-12-01 10:16:12,AAA
742,7880.0,100,330.0,0.0,SD,835700.0,326600.0,False,0.0,2022-12-01 10:16:05,AAA
743,7880.0,100,330.0,0.0,SD,835700.0,326500.0,False,-20.0,2022-12-01 10:16:00,AAA
744,7900.0,800,350.0,0.0,BU,835700.0,326400.0,False,0.0,2022-12-01 10:15:43,AAA
745,7900.0,100,350.0,0.0,BU,834900.0,326400.0,False,0.0,2022-12-01 10:15:43,AAA
746,7900.0,1000,350.0,0.0,BU,834800.0,326400.0,False,20.0,2022-12-01 10:15:43,AAA
747,7880.0,7800,330.0,0.0,SD,833800.0,326400.0,False,-10.0,2022-12-01 10:15:42,AAA
748,7890.0,2200,340.0,0.0,SD,833800.0,318600.0,False,0.0,2022-12-01 10:15:42,AAA
749,7890.0,1000,340.0,0.0,BU,833800.0,316400.0,False,0.0,2022-12-01 10:15:34,AAA
750,7890.0,1100,340.0,0.0,BU,832800.0,316400.0,False,10.0,2022-12-01 10:15:34,AAA
751,7880.0,1000,330.0,0.0,BU,831700.0,316400.0,False,10.0,2022-12-01 10:14:49,AAA
752,7870.0,2000,320.0,0.0,SD,830700.0,316400.0,False,-10.0,2022-12-01 10:14:45,AAA
753,7880.0,500,330.0,0.0,SD,830700.0,314400.0,False,0.0,2022-12-01 10:14:45,AAA
754,7880.0,300,330.0,0.0,SD,830700.0,313900.0,False,0.0,2022-12-01 10:14:45,AAA
755,7880.0,200,330.0,0.0,SD,830700.0,313600.0,False,-10.0,2022-12-01 10:14:45,AAA
756,7890.0,1000,340.0,0.0,BU,830700.0,313400.0,False,10.0,2022-12-01 10:14:17,AAA
757,7880.0,500,330.0,0.0,SD,829700.0,313400.0,False,0.0,2022-12-01 10:14:16,AAA
758,7880.0,1000,330.0,0.0,SD,829700.0,312900.0,False,0.0,2022-12-01 10:14:10,AAA
759,7880.0,10000,330.0,0.0,SD,829700.0,308600.0,False,0.0,2022-12-01 10:13:55,AAA
760,7880.0,3300,330.0,0.0,SD,829700.0,311900.0,False,0.0,2022-12-01 10:13:55,AAA
761,7880.0,7000,330.0,0.0,SD,829700.0,298600.0,False,0.0,2022-12-01 10:13:55,AAA
762,7880.0,3000,330.0,0.0,SD,829700.0,291600.0,False,-10.0,2022-12-01 10:13:53,AAA
763,7890.0,100,340.0,0.0,BU,829700.0,288600.0,False,0.0,2022-12-01 10:13:35,AAA
764,7890.0,100,340.0,0.0,BU,829600.0,288600.0,False,0.0,2022-12-01 10:13:21,AAA
765,7890.0,1600,340.0,0.0,BU,829500.0,288600.0,False,0.0,2022-12-01 10:13:16,AAA
766,7890.0,200,340.0,0.0,SD,827900.0,288600.0,False,0.0,2022-12-01 10:13:11,AAA
767,7890.0,900,340.0,0.0,SD,827900.0,288400.0,False,-10.0,2022-12-01 10:13:11,AAA
768,7900.0,100,350.0,0.0,BU,827900.0,287500.0,False,0.0,2022-12-01 10:13:08,AAA
769,7900.0,2900,350.0,0.0,BU,827800.0,287500.0,False,10.0,2022-12-01 10:13:08,AAA
770,7890.0,100,340.0,0.0,SD,824900.0,287500.0,False,-10.0,2022-12-01 10:12:50,AAA
771,7900.0,500,350.0,0.0,BU,824900.0,287400.0,False,0.0,2022-12-01 10:12:45,AAA
772,7900.0,800,350.0,0.0,SD,824400.0,287400.0,False,0.0,2022-12-01 10:12:17,AAA
773,7900.0,200,350.0,0.0,SD,824400.0,286600.0,False,0.0,2022-12-01 10:12:17,AAA
774,7900.0,100,350.0,0.0,SD,824400.0,286400.0,False,0.0,2022-12-01 10:12:17,AAA
775,7900.0,3000,350.0,0.0,SD,824400.0,286300.0,False,0.0,2022-12-01 10:12:17,AAA
776,7900.0,400,350.0,0.0,SD,824400.0,283300.0,False,0.0,2022-12-01 10:12:17,AAA
777,7900.0,1000,350.0,0.0,SD,824400.0,282900.0,False,0.0,2022-12-01 10:12:17,AAA
778,7900.0,300,350.0,0.0,SD,824400.0,281900.0,False,0.0,2022-12-01 10:12:17,AAA
779,7900.0,800,350.0,0.0,SD,824400.0,281600.0,False,-20.0,2022-12-01 10:12:17,AAA
780,7920.0,1100,370.0,0.0,BU,824400.0,280800.0,False,10.0,2022-12-01 10:12:17,AAA
781,7910.0,200,360.0,0.0,BU,823300.0,280800.0,False,-10.0,2022-12-01 10:12:17,AAA
782,7920.0,100,370.0,0.0,BU,823100.0,280800.0,False,20.0,2022-12-01 10:12:09,AAA
783,7900.0,1200,350.0,0.0,SD,823000.0,280800.0,False,0.0,2022-12-01 10:12:07,AAA
784,7900.0,500,350.0,0.0,SD,823000.0,279600.0,False,0.0,2022-12-01 10:12:07,AAA
785,7900.0,2300,350.0,0.0,SD,823000.0,279100.0,False,-10.0,2022-12-01 10:12:07,AAA
786,7910.0,500,360.0,0.0,SD,823000.0,276800.0,False,0.0,2022-12-01 10:12:07,AAA
787,7910.0,500,360.0,0.0,SD,823000.0,276300.0,False,0.0,2022-12-01 10:12:07,AAA
788,7910.0,5000,360.0,0.0,SD,823000.0,275800.0,False,0.0,2022-12-01 10:12:01,AAA
789,7910.0,1300,360.0,0.0,SD,823000.0,270800.0,False,0.0,2022-12-01 10:11:50,AAA
790,7910.0,700,360.0,0.0,SD,823000.0,269500.0,False,0.0,2022-12-01 10:11:49,AAA
791,7910.0,1200,360.0,0.0,SD,823000.0,268800.0,False,0.0,2022-12-01 10:11:49,AAA
792,7910.0,400,360.0,0.0,SD,823000.0,267600.0,False,0.0,2022-12-01 10:11:49,AAA
793,7910.0,400,360.0,0.0,SD,823000.0,264600.0,False,0.0,2022-12-01 10:11:47,AAA
794,7910.0,2600,360.0,0.0,SD,823000.0,267200.0,False,0.0,2022-12-01 10:11:47,AAA
795,7910.0,100,360.0,0.0,SD,823000.0,264200.0,False,0.0,2022-12-01 10:11:44,AAA
796,7910.0,100,360.0,0.0,SD,823000.0,264100.0,False,0.0,2022-12-01 10:11:44,AAA
797,7910.0,400,360.0,0.0,SD,823000.0,264000.0,False,-10.0,2022-12-01 10:11:44,AAA
798,7920.0,1000,370.0,0.0,BU,823000.0,263600.0,False,0.0,2022-12-01 10:11:30,AAA
799,7920.0,300,370.0,0.0,SD,822000.0,263600.0,False,0.0,2022-12-01 10:11:16,AAA
800,7920.0,5000,370.0,0.0,SD,822000.0,263300.0,False,0.0,2022-12-01 10:11:16,AAA
801,7920.0,100,370.0,0.0,SD,822000.0,258300.0,False,0.0,2022-12-01 10:11:16,AAA
802,7920.0,100,370.0,0.0,SD,822000.0,258200.0,False,0.0,2022-12-01 10:11:02,AAA
803,7920.0,100,370.0,0.0,SD,822000.0,258100.0,False,0.0,2022-12-01 10:11:02,AAA
804,7920.0,1900,370.0,0.0,SD,822000.0,258000.0,False,-10.0,2022-12-01 10:11:02,AAA
805,7930.0,100,380.0,0.1,SD,822000.0,256100.0,False,0.0,2022-12-01 10:11:02,AAA
806,7930.0,1200,380.0,0.1,SD,822000.0,256000.0,False,0.0,2022-12-01 10:11:02,AAA
807,7930.0,1000,380.0,0.1,BU,822000.0,254800.0,False,0.0,2022-12-01 10:10:58,AAA
808,7930.0,2800,380.0,0.1,BU,821000.0,254800.0,False,10.0,2022-12-01 10:10:58,AAA
809,7920.0,100,370.0,0.0,SD,818200.0,254800.0,False,-10.0,2022-12-01 10:10:52,AAA
810,7930.0,2200,380.0,0.1,BU,818200.0,254700.0,False,0.0,2022-12-01 10:10:24,AAA
811,7930.0,500,380.0,0.1,BU,816000.0,254700.0,False,0.0,2022-12-01 10:10:24,AAA
812,7930.0,1000,380.0,0.1,BU,815500.0,254700.0,False,0.0,2022-12-01 10:10:24,AAA
813,7930.0,300,380.0,0.1,BU,814500.0,254700.0,False,10.0,2022-12-01 10:10:24,AAA
814,7920.0,400,370.0,0.0,SD,814200.0,254700.0,False,0.0,2022-12-01 10:10:04,AAA
815,7920.0,100,370.0,0.0,BU,814200.0,254300.0,False,0.0,2022-12-01 10:09:40,AAA
816,7920.0,200,370.0,0.0,BU,813700.0,254300.0,False,0.0,2022-12-01 10:09:32,AAA
817,7920.0,300,370.0,0.0,BU,814100.0,254300.0,False,0.0,2022-12-01 10:09:32,AAA
818,7920.0,100,370.0,0.0,BU,813800.0,254300.0,False,0.0,2022-12-01 10:09:32,AAA
819,7920.0,300,370.0,0.0,BU,813500.0,254300.0,False,0.0,2022-12-01 10:09:32,AAA
820,7920.0,100,370.0,0.0,BU,813200.0,254300.0,False,10.0,2022-12-01 10:09:32,AAA
821,7910.0,100,360.0,0.0,SD,813100.0,254300.0,False,-10.0,2022-12-01 10:09:26,AAA
822,7920.0,300,370.0,0.0,BU,813100.0,254200.0,False,0.0,2022-12-01 10:09:18,AAA
823,7920.0,100,370.0,0.0,BU,812800.0,254200.0,False,0.0,2022-12-01 10:09:16,AAA
824,7920.0,500,370.0,0.0,BU,812700.0,254200.0,False,0.0,2022-12-01 10:09:09,AAA
825,7920.0,200,370.0,0.0,BU,812200.0,254200.0,False,0.0,2022-12-01 10:08:59,AAA
826,7920.0,300,370.0,0.0,SD,812000.0,254200.0,False,-10.0,2022-12-01 10:08:56,AAA
827,7930.0,2000,380.0,0.1,BU,812000.0,253900.0,False,10.0,2022-12-01 10:08:53,AAA
828,7920.0,2700,370.0,0.0,SD,810000.0,253900.0,False,0.0,2022-12-01 10:08:50,AAA
829,7920.0,800,370.0,0.0,SD,810000.0,251200.0,False,0.0,2022-12-01 10:08:50,AAA
830,7920.0,1000,370.0,0.0,SD,810000.0,250400.0,False,-10.0,2022-12-01 10:08:49,AAA
831,7930.0,200,380.0,0.1,BU,810000.0,249400.0,False,0.0,2022-12-01 10:08:49,AAA
832,7930.0,1000,380.0,0.1,BU,809800.0,249400.0,False,10.0,2022-12-01 10:08:39,AAA
833,7920.0,100,370.0,0.0,SD,808800.0,249400.0,False,0.0,2022-12-01 10:08:38,AAA
834,7920.0,100,370.0,0.0,SD,808800.0,249300.0,False,-10.0,2022-12-01 10:08:38,AAA
835,7930.0,200,380.0,0.1,BU,808800.0,249200.0,False,0.0,2022-12-01 10:08:35,AAA
836,7930.0,300,380.0,0.1,SD,808600.0,249200.0,False,0.0,2022-12-01 10:08:23,AAA
837,7930.0,200,380.0,0.1,SD,808600.0,248900.0,False,-20.0,2022-12-01 10:08:16,AAA
838,7950.0,500,400.0,0.1,BU,808600.0,248700.0,False,20.0,2022-12-01 10:08:15,AAA
839,7930.0,1500,380.0,0.1,SD,808100.0,248700.0,False,0.0,2022-12-01 10:08:13,AAA
840,7930.0,500,380.0,0.1,SD,808100.0,247200.0,False,-20.0,2022-12-01 10:08:13,AAA
841,7950.0,1000,400.0,0.1,BU,808100.0,246700.0,False,0.0,2022-12-01 10:07:42,AAA
842,7950.0,100,400.0,0.1,BU,807100.0,246700.0,False,0.0,2022-12-01 10:07:31,AAA
843,7950.0,100,400.0,0.1,BU,807000.0,246700.0,False,0.0,2022-12-01 10:07:24,AAA
844,7950.0,300,400.0,0.1,BU,806900.0,246700.0,False,0.0,2022-12-01 10:07:22,AAA
845,7950.0,700,400.0,0.1,BU,806600.0,246700.0,False,0.0,2022-12-01 10:07:22,AAA
846,7950.0,500,400.0,0.1,BU,805900.0,246700.0,False,0.0,2022-12-01 10:07:06,AAA
847,7950.0,300,400.0,0.1,BU,805400.0,246700.0,False,0.0,2022-12-01 10:07:05,AAA
848,7950.0,2400,400.0,0.1,BU,805100.0,246700.0,False,0.0,2022-12-01 10:07:04,AAA
849,7950.0,4200,400.0,0.1,BU,802700.0,246700.0,False,0.0,2022-12-01 10:07:03,AAA
850,7950.0,100,400.0,0.1,BU,798500.0,246700.0,False,20.0,2022-12-01 10:06:56,AAA
851,7930.0,200,380.0,0.1,BU,798400.0,246700.0,False,0.0,2022-12-01 10:06:55,AAA
852,7930.0,200,380.0,0.1,BU,798200.0,246700.0,False,0.0,2022-12-01 10:06:52,AAA
853,7930.0,200,380.0,0.1,BU,798000.0,246700.0,False,-20.0,2022-12-01 10:06:51,AAA
854,7950.0,100,400.0,0.1,BU,797800.0,246700.0,False,0.0,2022-12-01 10:06:45,AAA
855,7950.0,1700,400.0,0.1,BU,797700.0,246700.0,False,0.0,2022-12-01 10:06:44,AAA
856,7950.0,100,400.0,0.1,BU,796000.0,246700.0,False,0.0,2022-12-01 10:06:44,AAA
857,7950.0,3300,400.0,0.1,BU,795900.0,246700.0,False,0.0,2022-12-01 10:06:44,AAA
858,7950.0,5000,400.0,0.1,BU,792600.0,246700.0,False,0.0,2022-12-01 10:06:35,AAA
859,7950.0,1700,400.0,0.1,BU,787600.0,246700.0,False,0.0,2022-12-01 10:06:31,AAA
860,7950.0,100,400.0,0.1,BU,785900.0,246700.0,False,0.0,2022-12-01 10:06:31,AAA
861,7950.0,100,400.0,0.1,BU,785800.0,246700.0,False,0.0,2022-12-01 10:06:31,AAA
862,7950.0,1000,400.0,0.1,BU,785700.0,246700.0,False,0.0,2022-12-01 10:06:31,AAA
863,7950.0,100,400.0,0.1,BU,784700.0,246700.0,False,0.0,2022-12-01 10:06:31,AAA
864,7950.0,200,400.0,0.1,BU,776700.0,246700.0,False,0.0,2022-12-01 10:06:20,AAA
865,7950.0,1000,400.0,0.1,BU,782300.0,246700.0,False,0.0,2022-12-01 10:06:20,AAA
866,7950.0,100,400.0,0.1,BU,784600.0,246700.0,False,0.0,2022-12-01 10:06:20,AAA
867,7950.0,2000,400.0,0.1,BU,778700.0,246700.0,False,0.0,2022-12-01 10:06:20,AAA
868,7950.0,200,400.0,0.1,BU,784500.0,246700.0,False,0.0,2022-12-01 10:06:20,AAA
869,7950.0,2000,400.0,0.1,BU,784300.0,246700.0,False,0.0,2022-12-01 10:06:20,AAA
870,7950.0,600,400.0,0.1,BU,781300.0,246700.0,False,0.0,2022-12-01 10:06:20,AAA
871,7950.0,2000,400.0,0.1,BU,780700.0,246700.0,False,0.0,2022-12-01 10:06:20,AAA
872,7950.0,1900,400.0,0.1,BU,776500.0,246700.0,False,0.0,2022-12-01 10:06:20,AAA
873,11800.0,500,200.0,0.0,SD,12600.0,700.0,False,0.0,2022-12-01 13:00:17,AAM
874,11800.0,100,200.0,0.0,SD,12600.0,200.0,False,-100.0,2022-12-01 10:44:20,AAM
875,11900.0,100,300.0,0.0,SD,12600.0,100.0,False,-50.0,2022-12-01 10:11:03,AAM
876,11400.0,200,900.0,0.1,BU,50400.0,55200.0,False,100.0,2022-12-01 13:01:32,AAS
877,11300.0,1000,800.0,0.1,SD,50200.0,55200.0,False,0.0,2022-12-01 13:01:25,AAS
878,11300.0,5000,800.0,0.1,SD,50200.0,54200.0,False,-100.0,2022-12-01 13:00:54,AAS
879,11400.0,500,900.0,0.1,BU,50200.0,49200.0,False,0.0,2022-12-01 13:00:11,AAS
880,11400.0,700,900.0,0.1,SD,49700.0,49200.0,False,0.0,2022-12-01 11:29:11,AAS
881,11400.0,2600,900.0,0.1,BU,49700.0,48500.0,False,0.0,2022-12-01 11:24:13,AAS
882,11400.0,300,900.0,0.1,BU,47100.0,48500.0,False,0.0,2022-12-01 11:24:05,AAS
883,11400.0,400,900.0,0.1,BU,46800.0,48500.0,False,0.0,2022-12-01 11:23:50,AAS
884,11400.0,1000,900.0,0.1,BU,46400.0,48500.0,False,0.0,2022-12-01 11:23:35,AAS
885,11400.0,200,900.0,0.1,BU,45400.0,48500.0,False,0.0,2022-12-01 11:23:14,AAS
886,11400.0,900,900.0,0.1,BU,45200.0,48500.0,False,0.0,2022-12-01 11:19:25,AAS
887,11400.0,200,900.0,0.1,BU,44300.0,48500.0,False,0.0,2022-12-01 11:16:07,AAS
888,11400.0,100,900.0,0.1,BU,44100.0,48500.0,False,100.0,2022-12-01 11:02:46,AAS
889,11300.0,100,800.0,0.1,BU,44000.0,48500.0,False,100.0,2022-12-01 11:00:56,AAS
890,11200.0,200,700.0,0.1,BU,43900.0,48500.0,False,0.0,2022-12-01 10:57:32,AAS
891,11200.0,9800,700.0,0.1,BU,43700.0,48500.0,False,0.0,2022-12-01 10:56:53,AAS
892,11200.0,10000,700.0,0.1,SD,33900.0,48500.0,False,-100.0,2022-12-01 10:56:34,AAS
893,11300.0,1200,800.0,0.1,BU,33900.0,38500.0,False,0.0,2022-12-01 10:55:38,AAS
894,11300.0,1200,800.0,0.1,BU,32700.0,38500.0,False,0.0,2022-12-01 10:55:29,AAS
895,11300.0,4900,800.0,0.1,SD,31500.0,38500.0,False,0.0,2022-12-01 10:54:47,AAS
896,11300.0,3000,800.0,0.1,SD,31500.0,33600.0,False,-100.0,2022-12-01 10:54:25,AAS
897,11400.0,100,900.0,0.1,BU,31500.0,30600.0,False,0.0,2022-12-01 10:53:24,AAS
898,11400.0,100,900.0,0.1,SD,31400.0,30600.0,False,0.0,2022-12-01 10:52:51,AAS
899,11400.0,1000,900.0,0.1,SD,31400.0,30500.0,False,0.0,2022-12-01 10:52:39,AAS
900,11400.0,100,900.0,0.1,SD,31400.0,29500.0,False,0.0,2022-12-01 10:49:21,AAS
901,11400.0,100,900.0,0.1,SD,31400.0,29400.0,False,0.0,2022-12-01 10:43:55,AAS
902,11400.0,300,900.0,0.1,SD,31400.0,29300.0,False,-100.0,2022-12-01 10:40:49,AAS
903,11500.0,100,1000.0,0.1,BU,31400.0,29000.0,False,100.0,2022-12-01 10:37:40,AAS
904,11400.0,400,900.0,0.1,SD,31300.0,29000.0,False,0.0,2022-12-01 10:33:20,AAS
905,11400.0,600,900.0,0.1,BU,31300.0,28600.0,False,100.0,2022-12-01 10:32:16,AAS
906,11300.0,1000,800.0,0.1,SD,30700.0,28600.0,False,0.0,2022-12-01 10:26:10,AAS
907,11300.0,3500,800.0,0.1,SD,30700.0,27600.0,False,-100.0,2022-12-01 10:25:40,AAS
908,11400.0,1000,900.0,0.1,BU,30700.0,24100.0,False,-200.0,2022-12-01 10:24:08,AAS
909,11600.0,100,1100.0,0.1,BU,29700.0,24100.0,False,100.0,2022-12-01 10:14:25,AAS
910,11500.0,10000,1000.0,0.1,BU,29600.0,24100.0,False,100.0,2022-12-01 10:13:44,AAS
911,11400.0,100,900.0,0.1,BU,19600.0,24100.0,False,0.0,2022-12-01 10:13:04,AAS
912,11400.0,2000,900.0,0.1,BU,19500.0,24100.0,False,0.0,2022-12-01 10:11:51,AAS
913,11400.0,600,900.0,0.1,BU,17500.0,24100.0,False,100.0,2022-12-01 10:10:17,AAS
914,11300.0,9000,800.0,0.1,SD,16900.0,24100.0,False,-100.0,2022-12-01 10:07:55,AAS
915,11400.0,2000,900.0,0.1,BU,16900.0,15100.0,False,100.0,2022-12-01 10:06:44,AAS
916,6240.0,1500,340.0,0.1,SD,352700.0,322000.0,False,0.0,2022-12-01 13:00:39,AAT
917,6250.0,2300,350.0,0.1,SD,352700.0,312800.0,False,-10.0,2022-12-01 13:00:38,AAT
918,6250.0,1000,350.0,0.1,SD,352700.0,313800.0,False,0.0,2022-12-01 13:00:38,AAT
919,6250.0,100,350.0,0.1,SD,352700.0,313900.0,False,0.0,2022-12-01 13:00:38,AAT
920,6250.0,100,350.0,0.1,SD,352700.0,314000.0,False,0.0,2022-12-01 13:00:38,AAT
921,6250.0,3000,350.0,0.1,SD,352700.0,317000.0,False,0.0,2022-12-01 13:00:38,AAT
922,6250.0,1000,350.0,0.1,SD,352700.0,318000.0,False,0.0,2022-12-01 13:00:38,AAT
923,6250.0,500,350.0,0.1,SD,352700.0,318500.0,False,0.0,2022-12-01 13:00:38,AAT
924,6240.0,300,340.0,0.1,SD,352700.0,319400.0,False,0.0,2022-12-01 13:00:38,AAT
925,6240.0,1100,340.0,0.1,SD,352700.0,320500.0,False,0.0,2022-12-01 13:00:38,AAT
926,6240.0,600,340.0,0.1,SD,352700.0,319100.0,False,-10.0,2022-12-01 13:00:38,AAT
927,6250.0,2000,350.0,0.1,SD,351600.0,310500.0,False,-10.0,2022-12-01 13:00:28,AAT
928,6260.0,100,360.0,0.1,BU,351700.0,310500.0,False,10.0,2022-12-01 13:00:28,AAT
929,6260.0,1000,360.0,0.1,BU,352700.0,310500.0,False,0.0,2022-12-01 13:00:28,AAT
930,6260.0,500,360.0,0.1,SD,351600.0,308500.0,False,-10.0,2022-12-01 13:00:19,AAT
931,6260.0,300,360.0,0.1,SD,351500.0,306800.0,False,0.0,2022-12-01 13:00:17,AAT
932,6260.0,200,360.0,0.1,SD,351500.0,307000.0,False,0.0,2022-12-01 13:00:17,AAT
933,6260.0,500,360.0,0.1,SD,351500.0,307500.0,False,0.0,2022-12-01 13:00:17,AAT
934,6260.0,500,360.0,0.1,SD,351500.0,308000.0,False,0.0,2022-12-01 13:00:17,AAT
935,6270.0,100,370.0,0.1,BU,351600.0,308000.0,False,10.0,2022-12-01 13:00:17,AAT
936,6260.0,2000,360.0,0.1,SD,351500.0,306500.0,False,-10.0,2022-12-01 11:29:58,AAT
937,6270.0,400,370.0,0.1,BU,351500.0,304500.0,False,0.0,2022-12-01 11:28:56,AAT
938,6270.0,1100,370.0,0.1,BU,350600.0,304500.0,False,10.0,2022-12-01 11:28:56,AAT
939,6270.0,500,370.0,0.1,BU,351100.0,304500.0,False,0.0,2022-12-01 11:28:56,AAT
940,6260.0,800,360.0,0.1,BU,349500.0,304500.0,False,0.0,2022-12-01 11:27:47,AAT
941,6260.0,200,360.0,0.1,BU,348700.0,304500.0,False,0.0,2022-12-01 11:27:47,AAT
942,6260.0,100,360.0,0.1,BU,348500.0,304500.0,False,0.0,2022-12-01 11:27:47,AAT
943,6260.0,1000,360.0,0.1,SD,348400.0,304500.0,False,0.0,2022-12-01 11:26:07,AAT
944,6260.0,100,360.0,0.1,BU,348400.0,303500.0,False,10.0,2022-12-01 11:25:32,AAT
945,6250.0,700,350.0,0.1,BU,348300.0,303500.0,False,0.0,2022-12-01 11:25:08,AAT
946,6250.0,100,350.0,0.1,BU,347600.0,303500.0,False,0.0,2022-12-01 11:25:01,AAT
947,6250.0,200,350.0,0.1,BU,347500.0,303500.0,False,0.0,2022-12-01 11:24:56,AAT
948,6250.0,3000,350.0,0.1,SD,347300.0,303500.0,False,0.0,2022-12-01 11:24:24,AAT
949,6250.0,2000,350.0,0.1,BU,347300.0,300500.0,False,0.0,2022-12-01 11:23:37,AAT
950,6250.0,600,350.0,0.1,BU,345300.0,300500.0,False,0.0,2022-12-01 11:22:20,AAT
951,6250.0,1000,350.0,0.1,BU,344700.0,300500.0,False,0.0,2022-12-01 11:21:23,AAT
952,6250.0,900,350.0,0.1,BU,343700.0,300500.0,False,0.0,2022-12-01 11:20:41,AAT
953,6250.0,500,350.0,0.1,BU,342800.0,300500.0,False,0.0,2022-12-01 11:19:45,AAT
954,6250.0,200,350.0,0.1,SD,342300.0,300400.0,False,0.0,2022-12-01 11:16:45,AAT
955,6250.0,100,350.0,0.1,SD,342300.0,300500.0,False,0.0,2022-12-01 11:16:45,AAT
956,6250.0,500,350.0,0.1,SD,342300.0,299900.0,False,0.0,2022-12-01 11:16:16,AAT
957,6250.0,300,350.0,0.1,SD,342300.0,300200.0,False,0.0,2022-12-01 11:16:16,AAT
958,6250.0,100,350.0,0.1,SD,342300.0,299400.0,False,0.0,2022-12-01 11:16:16,AAT
959,6250.0,100,350.0,0.1,SD,342300.0,299300.0,False,-10.0,2022-12-01 11:16:04,AAT
960,6260.0,100,360.0,0.1,SD,342300.0,299200.0,False,-10.0,2022-12-01 11:15:40,AAT
961,6270.0,500,370.0,0.1,BU,342300.0,299100.0,False,0.0,2022-12-01 11:15:02,AAT
962,6270.0,100,370.0,0.1,BU,341800.0,299100.0,False,0.0,2022-12-01 11:14:07,AAT
963,6270.0,500,370.0,0.1,SD,341700.0,299100.0,False,0.0,2022-12-01 11:14:07,AAT
964,6270.0,200,370.0,0.1,SD,341700.0,298600.0,False,0.0,2022-12-01 11:14:07,AAT
965,6270.0,100,370.0,0.1,SD,341700.0,298400.0,False,0.0,2022-12-01 11:14:07,AAT
966,6270.0,34000,370.0,0.1,SD,341700.0,298300.0,True,0.0,2022-12-01 11:13:52,AAT
967,6270.0,15300,370.0,0.1,SD,341700.0,264300.0,False,0.0,2022-12-01 11:13:49,AAT
968,6270.0,30000,370.0,0.1,SD,341700.0,249000.0,False,0.0,2022-12-01 11:13:49,AAT
969,6270.0,15300,370.0,0.1,SD,341700.0,219000.0,False,0.0,2022-12-01 11:13:29,AAT
970,6270.0,1100,370.0,0.1,SD,341700.0,203700.0,False,0.0,2022-12-01 11:12:46,AAT
971,6270.0,1000,370.0,0.1,SD,341700.0,202600.0,False,-10.0,2022-12-01 11:12:20,AAT
972,6280.0,700,380.0,0.1,BU,341700.0,201600.0,False,0.0,2022-12-01 11:11:25,AAT
973,6280.0,700,380.0,0.1,SD,341000.0,201600.0,False,0.0,2022-12-01 11:11:05,AAT
974,6280.0,800,380.0,0.1,SD,341000.0,200900.0,False,0.0,2022-12-01 11:10:15,AAT
975,6280.0,3500,380.0,0.1,SD,341000.0,200100.0,False,-10.0,2022-12-01 11:10:15,AAT
976,6290.0,100,390.0,0.1,BU,341000.0,196600.0,False,10.0,2022-12-01 11:09:53,AAT
977,6280.0,1500,380.0,0.1,BU,340900.0,196600.0,False,0.0,2022-12-01 11:09:21,AAT
978,6280.0,100,380.0,0.1,BU,339400.0,196600.0,False,0.0,2022-12-01 11:09:16,AAT
979,6280.0,2000,380.0,0.1,BU,339300.0,196600.0,False,0.0,2022-12-01 11:08:40,AAT
980,6280.0,200,380.0,0.1,SD,337300.0,196600.0,False,0.0,2022-12-01 11:08:38,AAT
981,6280.0,1200,380.0,0.1,SD,337300.0,196400.0,False,0.0,2022-12-01 11:08:38,AAT
982,6280.0,200,380.0,0.1,SD,337300.0,195200.0,False,0.0,2022-12-01 11:06:51,AAT
983,6280.0,1600,380.0,0.1,SD,337300.0,195000.0,False,0.0,2022-12-01 11:04:01,AAT
984,6280.0,900,380.0,0.1,SD,337300.0,193400.0,False,0.0,2022-12-01 11:04:01,AAT
985,6280.0,4000,380.0,0.1,SD,337300.0,192500.0,False,0.0,2022-12-01 11:03:14,AAT
986,6280.0,100,380.0,0.1,SD,337300.0,188500.0,False,0.0,2022-12-01 11:02:28,AAT
987,6280.0,2000,380.0,0.1,BU,337300.0,188400.0,False,0.0,2022-12-01 10:59:47,AAT
988,6280.0,4700,380.0,0.1,BU,335300.0,188400.0,False,0.0,2022-12-01 10:59:04,AAT
989,6280.0,300,380.0,0.1,BU,330600.0,188400.0,False,0.0,2022-12-01 10:59:04,AAT
990,6280.0,500,380.0,0.1,BU,330300.0,188400.0,False,0.0,2022-12-01 10:58:10,AAT
991,6280.0,1100,380.0,0.1,BU,329800.0,188400.0,False,0.0,2022-12-01 10:58:08,AAT
992,6280.0,500,380.0,0.1,BU,328700.0,188400.0,False,0.0,2022-12-01 10:58:08,AAT
993,6280.0,500,380.0,0.1,BU,328200.0,188400.0,False,0.0,2022-12-01 10:58:02,AAT
994,6280.0,500,380.0,0.1,SD,327700.0,188400.0,False,0.0,2022-12-01 10:56:11,AAT
995,6280.0,2000,380.0,0.1,SD,327700.0,187900.0,False,0.0,2022-12-01 10:56:11,AAT
996,6280.0,500,380.0,0.1,SD,327700.0,185900.0,False,0.0,2022-12-01 10:56:11,AAT
997,6280.0,1000,380.0,0.1,SD,327700.0,185400.0,False,0.0,2022-12-01 10:56:11,AAT
998,6280.0,100,380.0,0.1,SD,327700.0,184400.0,False,0.0,2022-12-01 10:56:11,AAT
999,6280.0,4000,380.0,0.1,SD,327700.0,184300.0,False,0.0,2022-12-01 10:56:11,AAT
1000,6280.0,900,380.0,0.1,SD,327700.0,180300.0,False,-10.0,2022-12-01 10:56:11,AAT
1001,6290.0,1200,390.0,0.1,SD,327700.0,179400.0,False,0.0,2022-12-01 10:55:49,AAT
1002,6290.0,1900,390.0,0.1,SD,327700.0,178200.0,False,0.0,2022-12-01 10:55:42,AAT
1003,6290.0,10000,390.0,0.1,SD,327700.0,176300.0,False,-10.0,2022-12-01 10:55:38,AAT
1004,6300.0,1600,400.0,0.1,BU,327700.0,166300.0,False,0.0,2022-12-01 10:53:46,AAT
1005,6300.0,3400,400.0,0.1,BU,326100.0,166300.0,False,10.0,2022-12-01 10:53:46,AAT
1006,6290.0,6600,390.0,0.1,SD,322700.0,166300.0,False,0.0,2022-12-01 10:53:23,AAT
1007,6290.0,100,390.0,0.1,SD,322700.0,159700.0,False,0.0,2022-12-01 10:53:23,AAT
1008,6290.0,100,390.0,0.1,SD,322700.0,159600.0,False,0.0,2022-12-01 10:53:23,AAT
1009,6290.0,200,390.0,0.1,SD,322700.0,159500.0,False,0.0,2022-12-01 10:53:23,AAT
1010,6290.0,1000,390.0,0.1,SD,322700.0,159300.0,False,0.0,2022-12-01 10:50:45,AAT
1011,6290.0,800,390.0,0.1,SD,322700.0,158300.0,False,0.0,2022-12-01 10:48:20,AAT
1012,6290.0,4000,390.0,0.1,SD,322700.0,157500.0,False,0.0,2022-12-01 10:48:20,AAT
1013,6290.0,200,390.0,0.1,SD,322700.0,153500.0,False,0.0,2022-12-01 10:48:20,AAT
1014,6290.0,800,390.0,0.1,SD,322700.0,153300.0,False,0.0,2022-12-01 10:48:01,AAT
1015,6290.0,1900,390.0,0.1,SD,322700.0,152500.0,False,0.0,2022-12-01 10:48:01,AAT
1016,6290.0,500,390.0,0.1,SD,322700.0,150600.0,False,0.0,2022-12-01 10:48:01,AAT
1017,6290.0,500,390.0,0.1,SD,322700.0,150100.0,False,0.0,2022-12-01 10:48:01,AAT
1018,6290.0,6300,390.0,0.1,SD,322700.0,149600.0,False,0.0,2022-12-01 10:48:01,AAT
1019,6290.0,1000,390.0,0.1,SD,322700.0,143300.0,False,-10.0,2022-12-01 10:45:36,AAT
1020,6300.0,400,400.0,0.1,BU,322700.0,142300.0,False,0.0,2022-12-01 10:43:26,AAT
1021,6300.0,1000,400.0,0.1,BU,322300.0,142300.0,False,0.0,2022-12-01 10:43:23,AAT
1022,6300.0,5200,400.0,0.1,SD,321300.0,142300.0,False,0.0,2022-12-01 10:42:18,AAT
1023,6300.0,200,400.0,0.1,BU,321300.0,137100.0,False,0.0,2022-12-01 10:42:16,AAT
1024,6300.0,900,400.0,0.1,BU,321100.0,137100.0,False,0.0,2022-12-01 10:41:52,AAT
1025,6300.0,2900,400.0,0.1,BU,320200.0,137100.0,False,0.0,2022-12-01 10:41:39,AAT
1026,6300.0,1000,400.0,0.1,BU,317300.0,137100.0,False,0.0,2022-12-01 10:41:05,AAT
1027,6300.0,5000,400.0,0.1,BU,316300.0,137100.0,False,-10.0,2022-12-01 10:40:36,AAT
1028,6310.0,100,410.0,0.1,BU,311300.0,137100.0,False,0.0,2022-12-01 10:39:41,AAT
1029,6310.0,100,410.0,0.1,BU,311200.0,137100.0,False,0.0,2022-12-01 10:39:41,AAT
1030,6310.0,200,410.0,0.1,BU,311100.0,137100.0,False,0.0,2022-12-01 10:39:41,AAT
1031,6310.0,1000,410.0,0.1,BU,310900.0,137100.0,False,0.0,2022-12-01 10:39:41,AAT
1032,6310.0,100,410.0,0.1,BU,309900.0,137100.0,False,0.0,2022-12-01 10:39:41,AAT
1033,6310.0,100,410.0,0.1,BU,309800.0,137100.0,False,0.0,2022-12-01 10:39:41,AAT
1034,6310.0,1000,410.0,0.1,BU,309700.0,137100.0,False,0.0,2022-12-01 10:39:41,AAT
1035,6310.0,800,410.0,0.1,BU,308700.0,137100.0,False,10.0,2022-12-01 10:39:41,AAT
1036,6300.0,900,400.0,0.1,SD,307900.0,137100.0,False,0.0,2022-12-01 10:39:18,AAT
1037,6300.0,5200,400.0,0.1,SD,307900.0,136200.0,False,0.0,2022-12-01 10:39:18,AAT
1038,6300.0,2700,400.0,0.1,SD,307900.0,131000.0,False,-10.0,2022-12-01 10:39:18,AAT
1039,6310.0,200,410.0,0.1,BU,307900.0,128300.0,False,10.0,2022-12-01 10:39:14,AAT
1040,6300.0,200,400.0,0.1,SD,307700.0,128300.0,False,-10.0,2022-12-01 10:39:04,AAT
1041,6310.0,2000,410.0,0.1,BU,307700.0,128100.0,False,10.0,2022-12-01 10:38:59,AAT
1042,6300.0,2100,400.0,0.1,SD,305700.0,128100.0,False,0.0,2022-12-01 10:38:54,AAT
1043,6300.0,13200,400.0,0.1,SD,305700.0,126000.0,False,0.0,2022-12-01 10:38:54,AAT
1044,6300.0,1000,400.0,0.1,SD,305700.0,112800.0,False,0.0,2022-12-01 10:38:26,AAT
1045,6300.0,1000,400.0,0.1,SD,305700.0,111800.0,False,0.0,2022-12-01 10:38:09,AAT
1046,6300.0,1000,400.0,0.1,BU,305700.0,110800.0,False,0.0,2022-12-01 10:36:48,AAT
1047,6300.0,10000,400.0,0.1,BU,304700.0,110800.0,False,0.0,2022-12-01 10:36:48,AAT
1048,6300.0,20000,400.0,0.1,BU,294700.0,110800.0,False,0.0,2022-12-01 10:36:48,AAT
1049,6300.0,500,400.0,0.1,BU,274700.0,110800.0,False,0.0,2022-12-01 10:36:48,AAT
1050,6300.0,100,400.0,0.1,BU,274200.0,110800.0,False,0.0,2022-12-01 10:36:48,AAT
1051,6300.0,900,400.0,0.1,BU,274100.0,110800.0,False,0.0,2022-12-01 10:36:48,AAT
1052,6300.0,100,400.0,0.1,BU,273200.0,110800.0,False,0.0,2022-12-01 10:36:48,AAT
1053,6300.0,2000,400.0,0.1,BU,273100.0,110800.0,False,0.0,2022-12-01 10:36:48,AAT
1054,6300.0,7800,400.0,0.1,BU,271100.0,110800.0,False,0.0,2022-12-01 10:36:48,AAT
1055,6300.0,100,400.0,0.1,BU,263300.0,110800.0,False,0.0,2022-12-01 10:36:48,AAT
1056,6300.0,5000,400.0,0.1,BU,263200.0,110800.0,False,0.0,2022-12-01 10:36:48,AAT
1057,6300.0,10000,400.0,0.1,BU,258200.0,110800.0,False,0.0,2022-12-01 10:36:48,AAT
1058,6300.0,1000,400.0,0.1,BU,248200.0,110800.0,False,0.0,2022-12-01 10:36:48,AAT
1059,6300.0,300,400.0,0.1,BU,247200.0,110800.0,False,0.0,2022-12-01 10:36:48,AAT
1060,6300.0,100,400.0,0.1,BU,246900.0,110800.0,False,0.0,2022-12-01 10:36:48,AAT
1061,6300.0,20000,400.0,0.1,BU,246800.0,110800.0,False,0.0,2022-12-01 10:36:48,AAT
1062,6300.0,5000,400.0,0.1,BU,226800.0,110800.0,False,0.0,2022-12-01 10:36:48,AAT
1063,6300.0,900,400.0,0.1,BU,221800.0,110800.0,False,10.0,2022-12-01 10:36:48,AAT
1064,6290.0,1500,390.0,0.1,SD,220900.0,110800.0,False,0.0,2022-12-01 10:36:25,AAT
1065,6290.0,1000,390.0,0.1,BU,220900.0,109300.0,False,0.0,2022-12-01 10:35:40,AAT
1066,6290.0,200,390.0,0.1,BU,219900.0,109300.0,False,0.0,2022-12-01 10:35:40,AAT
1067,6290.0,4800,390.0,0.1,BU,219700.0,109300.0,False,0.0,2022-12-01 10:35:04,AAT
1068,6290.0,2000,390.0,0.1,BU,214900.0,109300.0,False,0.0,2022-12-01 10:35:04,AAT
1069,6290.0,7200,390.0,0.1,BU,212900.0,109300.0,False,10.0,2022-12-01 10:35:04,AAT
1070,6280.0,1900,380.0,0.1,SD,205700.0,108200.0,False,0.0,2022-12-01 10:30:46,AAT
1071,6280.0,1100,380.0,0.1,SD,205700.0,109300.0,False,0.0,2022-12-01 10:30:46,AAT
1072,6280.0,500,380.0,0.1,SD,205700.0,106300.0,False,0.0,2022-12-01 10:30:46,AAT
1073,6280.0,400,380.0,0.1,SD,205700.0,105800.0,False,0.0,2022-12-01 10:30:46,AAT
1074,6280.0,100,380.0,0.1,SD,205700.0,105400.0,False,-10.0,2022-12-01 10:30:20,AAT
1075,6290.0,1700,390.0,0.1,BU,205700.0,105300.0,False,0.0,2022-12-01 10:28:47,AAT
1076,6290.0,100,390.0,0.1,BU,204000.0,105300.0,False,0.0,2022-12-01 10:28:07,AAT
1077,6290.0,5000,390.0,0.1,BU,203900.0,105300.0,False,0.0,2022-12-01 10:27:14,AAT
1078,6290.0,5000,390.0,0.1,BU,198900.0,105300.0,False,0.0,2022-12-01 10:26:15,AAT
1079,6290.0,1000,390.0,0.1,BU,193900.0,105300.0,False,0.0,2022-12-01 10:25:28,AAT
1080,6290.0,5000,390.0,0.1,BU,192900.0,105300.0,False,10.0,2022-12-01 10:25:05,AAT
1081,6280.0,2000,380.0,0.1,SD,187900.0,105300.0,False,0.0,2022-12-01 10:24:27,AAT
1082,6280.0,500,380.0,0.1,SD,187900.0,103300.0,False,0.0,2022-12-01 10:22:40,AAT
1083,6280.0,400,380.0,0.1,SD,187900.0,102800.0,False,0.0,2022-12-01 10:22:29,AAT
1084,6280.0,600,380.0,0.1,SD,187900.0,102400.0,False,-10.0,2022-12-01 10:22:19,AAT
1085,6290.0,200,390.0,0.1,SD,187900.0,101800.0,False,0.0,2022-12-01 10:21:57,AAT
1086,6290.0,2300,390.0,0.1,SD,187900.0,101600.0,False,0.0,2022-12-01 10:21:57,AAT
1087,6290.0,700,390.0,0.1,SD,187900.0,99300.0,False,0.0,2022-12-01 10:21:34,AAT
1088,6290.0,700,390.0,0.1,SD,187900.0,98600.0,False,-10.0,2022-12-01 10:21:33,AAT
1089,6300.0,1000,400.0,0.1,BU,187900.0,97900.0,False,0.0,2022-12-01 10:21:08,AAT
1090,6300.0,400,400.0,0.1,BU,186900.0,97900.0,False,0.0,2022-12-01 10:20:54,AAT
1091,6300.0,700,400.0,0.1,BU,186500.0,97900.0,False,0.0,2022-12-01 10:20:41,AAT
1092,6300.0,300,400.0,0.1,BU,185800.0,97900.0,False,10.0,2022-12-01 10:20:41,AAT
1093,6290.0,700,390.0,0.1,SD,185500.0,97900.0,False,0.0,2022-12-01 10:20:35,AAT
1094,6290.0,1000,390.0,0.1,SD,185500.0,97200.0,False,0.0,2022-12-01 10:20:35,AAT
1095,6290.0,600,390.0,0.1,SD,185500.0,96200.0,False,0.0,2022-12-01 10:20:35,AAT
1096,6290.0,2700,390.0,0.1,SD,185500.0,95600.0,False,0.0,2022-12-01 10:20:35,AAT
1097,6290.0,300,390.0,0.1,SD,185500.0,92900.0,False,0.0,2022-12-01 10:20:19,AAT
1098,6290.0,1300,390.0,0.1,SD,185500.0,92600.0,False,0.0,2022-12-01 10:20:19,AAT
1099,6290.0,200,390.0,0.1,SD,185500.0,91300.0,False,-10.0,2022-12-01 10:19:59,AAT
1100,6300.0,300,400.0,0.1,BU,185500.0,91100.0,False,10.0,2022-12-01 10:19:45,AAT
1101,6290.0,100,390.0,0.1,SD,185200.0,91100.0,False,-10.0,2022-12-01 10:19:27,AAT
1102,6300.0,400,400.0,0.1,BU,185200.0,91000.0,False,10.0,2022-12-01 10:19:11,AAT
1103,6290.0,400,390.0,0.1,SD,184800.0,91000.0,False,0.0,2022-12-01 10:18:43,AAT
1104,6290.0,100,390.0,0.1,SD,184800.0,90600.0,False,0.0,2022-12-01 10:18:43,AAT
1105,6290.0,200,390.0,0.1,BU,184800.0,90500.0,False,0.0,2022-12-01 10:18:13,AAT
1106,6290.0,500,390.0,0.1,BU,184600.0,90500.0,False,0.0,2022-12-01 10:18:13,AAT
1107,6290.0,100,390.0,0.1,BU,184100.0,90500.0,False,0.0,2022-12-01 10:18:13,AAT
1108,6290.0,100,390.0,0.1,BU,184000.0,90500.0,False,0.0,2022-12-01 10:18:13,AAT
1109,6290.0,4800,390.0,0.1,BU,183900.0,90500.0,False,0.0,2022-12-01 10:17:58,AAT
1110,6290.0,100,390.0,0.1,BU,179100.0,90500.0,False,0.0,2022-12-01 10:17:35,AAT
1111,6290.0,1600,390.0,0.1,BU,179000.0,90500.0,False,0.0,2022-12-01 10:17:35,AAT
1112,6290.0,200,390.0,0.1,BU,177400.0,90500.0,False,0.0,2022-12-01 10:17:34,AAT
1113,6290.0,200,390.0,0.1,BU,177200.0,90500.0,False,0.0,2022-12-01 10:17:02,AAT
1114,6290.0,500,390.0,0.1,BU,177000.0,90500.0,False,10.0,2022-12-01 10:17:02,AAT
1115,6280.0,900,380.0,0.1,SD,176500.0,90500.0,False,0.0,2022-12-01 10:16:56,AAT
1116,6280.0,100,380.0,0.1,SD,176500.0,89600.0,False,-10.0,2022-12-01 10:16:43,AAT
1117,6290.0,100,390.0,0.1,BU,176500.0,89500.0,False,20.0,2022-12-01 10:16:32,AAT
1118,6270.0,4500,370.0,0.1,SD,176400.0,89500.0,False,-10.0,2022-12-01 10:16:29,AAT
1119,6280.0,100,380.0,0.1,SD,176400.0,85000.0,False,0.0,2022-12-01 10:16:29,AAT
1120,6280.0,400,380.0,0.1,SD,176400.0,84900.0,False,-10.0,2022-12-01 10:16:29,AAT
1121,6290.0,400,390.0,0.1,BU,176400.0,84500.0,False,0.0,2022-12-01 10:16:28,AAT
1122,6290.0,100,390.0,0.1,BU,176000.0,84500.0,False,10.0,2022-12-01 10:16:17,AAT
1123,6280.0,100,380.0,0.1,SD,175900.0,84500.0,False,-10.0,2022-12-01 10:16:11,AAT
1124,6290.0,100,390.0,0.1,BU,175900.0,84400.0,False,0.0,2022-12-01 10:15:40,AAT
1125,6290.0,200,390.0,0.1,BU,175800.0,84400.0,False,0.0,2022-12-01 10:15:07,AAT
1126,6290.0,1000,390.0,0.1,BU,175600.0,84400.0,False,0.0,2022-12-01 10:15:07,AAT
1127,6290.0,800,390.0,0.1,BU,174600.0,84400.0,False,0.0,2022-12-01 10:15:07,AAT
1128,6290.0,800,390.0,0.1,BU,173800.0,84400.0,False,10.0,2022-12-01 10:13:34,AAT
1129,6280.0,900,380.0,0.1,BU,173000.0,84400.0,False,0.0,2022-12-01 10:13:34,AAT
1130,6280.0,500,380.0,0.1,SD,172100.0,84400.0,False,0.0,2022-12-01 10:13:29,AAT
1131,6280.0,600,380.0,0.1,SD,172100.0,83900.0,False,-10.0,2022-12-01 10:13:29,AAT
1132,6290.0,400,390.0,0.1,BU,172100.0,83300.0,False,20.0,2022-12-01 10:12:57,AAT
1133,6270.0,900,370.0,0.1,BU,171700.0,83300.0,False,10.0,2022-12-01 10:12:39,AAT
1134,6260.0,1100,360.0,0.1,BU,170800.0,83300.0,False,0.0,2022-12-01 10:12:31,AAT
1135,6260.0,100,360.0,0.1,BU,169700.0,83300.0,False,0.0,2022-12-01 10:12:07,AAT
1136,6260.0,2000,360.0,0.1,SD,169600.0,83300.0,False,-10.0,2022-12-01 10:12:03,AAT
1137,6270.0,100,370.0,0.1,BU,169600.0,81300.0,False,0.0,2022-12-01 10:11:42,AAT
1138,6270.0,1000,370.0,0.1,BU,169500.0,81300.0,False,0.0,2022-12-01 10:11:20,AAT
1139,6270.0,1000,370.0,0.1,BU,168500.0,81300.0,False,20.0,2022-12-01 10:11:20,AAT
1140,6250.0,4000,350.0,0.1,SD,167500.0,81300.0,False,0.0,2022-12-01 10:11:15,AAT
1141,6250.0,3000,350.0,0.1,SD,167500.0,77300.0,False,0.0,2022-12-01 10:11:02,AAT
1142,6250.0,800,350.0,0.1,SD,167500.0,74300.0,False,-10.0,2022-12-01 10:10:22,AAT
1143,6260.0,200,360.0,0.1,SD,167500.0,73500.0,False,10.0,2022-12-01 10:10:22,AAT
1144,6250.0,200,350.0,0.1,BU,167500.0,73300.0,False,0.0,2022-12-01 10:09:21,AAT
1145,6250.0,800,350.0,0.1,BU,167300.0,73300.0,False,0.0,2022-12-01 10:09:12,AAT
1146,6250.0,2000,350.0,0.1,BU,166500.0,73300.0,False,0.0,2022-12-01 10:09:12,AAT
1147,6250.0,500,350.0,0.1,BU,164500.0,73300.0,False,0.0,2022-12-01 10:09:12,AAT
1148,6250.0,100,350.0,0.1,BU,164000.0,73300.0,False,10.0,2022-12-01 10:09:12,AAT
1149,6240.0,5000,340.0,0.1,BU,163900.0,73300.0,False,10.0,2022-12-01 10:08:33,AAT
1150,6230.0,1000,330.0,0.1,BU,158900.0,73300.0,False,20.0,2022-12-01 10:08:25,AAT
1151,6210.0,2000,310.0,0.1,SD,157900.0,73300.0,False,10.0,2022-12-01 10:06:48,AAT
1152,5500.0,1500,500.0,0.1,SD,800.0,62600.0,False,0.0,2022-12-01 13:00:11,AAV
1153,5500.0,5900,500.0,0.1,SD,800.0,61100.0,False,0.0,2022-12-01 13:00:04,AAV
1154,5500.0,100,500.0,0.1,SD,800.0,55200.0,False,0.0,2022-12-01 11:10:06,AAV
1155,5500.0,2000,500.0,0.1,SD,800.0,55100.0,False,0.0,2022-12-01 11:05:33,AAV
1156,5500.0,100,500.0,0.1,SD,800.0,53100.0,False,0.0,2022-12-01 11:03:55,AAV
1157,5500.0,1200,500.0,0.1,SD,800.0,53000.0,False,0.0,2022-12-01 11:00:55,AAV
1158,5500.0,10000,500.0,0.1,SD,800.0,51800.0,False,0.0,2022-12-01 10:59:43,AAV
1159,5500.0,5000,500.0,0.1,SD,800.0,41800.0,False,0.0,2022-12-01 10:53:20,AAV
1160,5500.0,400,500.0,0.1,SD,800.0,36800.0,False,0.0,2022-12-01 10:53:06,AAV
1161,5500.0,300,500.0,0.1,SD,800.0,36400.0,False,0.0,2022-12-01 10:43:50,AAV
1162,5500.0,100,500.0,0.1,SD,800.0,36100.0,False,0.0,2022-12-01 10:14:34,AAV
1163,5500.0,300,500.0,0.1,SD,800.0,36000.0,False,0.0,2022-12-01 10:12:23,AAV
1164,5500.0,100,500.0,0.1,SD,800.0,35700.0,False,0.0,2022-12-01 10:12:06,AAV
1165,5500.0,500,500.0,0.1,SD,800.0,35600.0,False,0.0,2022-12-01 10:11:37,AAV
1166,5500.0,1000,500.0,0.1,SD,800.0,35100.0,False,0.0,2022-12-01 10:10:11,AAV
1167,5500.0,100,500.0,0.1,SD,800.0,34100.0,False,0.0,2022-12-01 10:09:53,AAV
1168,5500.0,2000,500.0,0.1,SD,800.0,34000.0,False,0.0,2022-12-01 10:09:46,AAV
1169,8700.0,18000,600.0,0.1,BU,876900.0,958900.0,False,100.0,2022-12-01 13:01:38,ABB
1170,8600.0,100,500.0,0.1,SD,858900.0,958900.0,False,-100.0,2022-12-01 13:00:58,ABB
1171,8700.0,1000,600.0,0.1,BU,858900.0,958800.0,False,100.0,2022-12-01 13:00:45,ABB
1172,8600.0,20300,500.0,0.1,SD,857900.0,958800.0,False,0.0,2022-12-01 13:00:36,ABB
1173,8600.0,11900,500.0,0.1,SD,857900.0,938500.0,False,0.0,2022-12-01 13:00:35,ABB
1174,8600.0,1100,500.0,0.1,SD,857900.0,926600.0,False,0.0,2022-12-01 13:00:34,ABB
1175,8600.0,3200,500.0,0.1,SD,857900.0,925500.0,False,0.0,2022-12-01 13:00:33,ABB
1176,8600.0,5300,500.0,0.1,SD,857900.0,922300.0,False,0.0,2022-12-01 13:00:31,ABB
1177,8600.0,7200,500.0,0.1,SD,857900.0,917000.0,False,0.0,2022-12-01 13:00:26,ABB
1178,8600.0,1800,500.0,0.1,SD,857900.0,909800.0,False,0.0,2022-12-01 13:00:21,ABB
1179,8600.0,109000,500.0,0.1,BU,857900.0,908000.0,True,0.0,2022-12-01 13:00:15,ABB
1180,8600.0,1600,500.0,0.1,BU,748900.0,908000.0,False,0.0,2022-12-01 13:00:11,ABB
1181,8600.0,20000,500.0,0.1,BU,747300.0,908000.0,False,0.0,2022-12-01 11:29:48,ABB
1182,8600.0,10000,500.0,0.1,BU,727300.0,908000.0,False,0.0,2022-12-01 11:29:27,ABB
1183,8600.0,20000,500.0,0.1,BU,717300.0,908000.0,False,100.0,2022-12-01 11:29:14,ABB
1184,8500.0,5300,400.0,0.0,SD,697300.0,908000.0,False,0.0,2022-12-01 11:28:41,ABB
1185,8500.0,1000,400.0,0.0,SD,697300.0,902700.0,False,0.0,2022-12-01 11:28:40,ABB
1186,8500.0,5200,400.0,0.0,SD,697300.0,901700.0,False,0.0,2022-12-01 11:28:37,ABB
1187,8500.0,200,400.0,0.0,BU,697300.0,896500.0,False,0.0,2022-12-01 11:28:19,ABB
1188,8500.0,200,400.0,0.0,BU,697100.0,896500.0,False,0.0,2022-12-01 11:27:46,ABB
1189,8500.0,200,400.0,0.0,BU,696900.0,896500.0,False,0.0,2022-12-01 11:27:46,ABB
1190,8500.0,200,400.0,0.0,SD,696700.0,896500.0,False,0.0,2022-12-01 11:27:45,ABB
1191,8500.0,100,400.0,0.0,SD,696700.0,896300.0,False,0.0,2022-12-01 11:27:42,ABB
1192,8500.0,1000,400.0,0.0,SD,696700.0,896200.0,False,0.0,2022-12-01 11:27:41,ABB
1193,8500.0,3000,400.0,0.0,SD,696700.0,895200.0,False,0.0,2022-12-01 11:27:40,ABB
1194,8500.0,5000,400.0,0.0,SD,696700.0,892200.0,False,0.0,2022-12-01 11:27:36,ABB
1195,8500.0,500,400.0,0.0,SD,696700.0,887200.0,False,0.0,2022-12-01 11:27:35,ABB
1196,8500.0,500,400.0,0.0,SD,696700.0,886700.0,False,0.0,2022-12-01 11:27:22,ABB
1197,8500.0,5400,400.0,0.0,SD,696700.0,886200.0,False,-100.0,2022-12-01 11:27:16,ABB
1198,8600.0,100,500.0,0.1,BU,696700.0,880800.0,False,0.0,2022-12-01 11:27:11,ABB
1199,8600.0,500,500.0,0.1,BU,696600.0,880800.0,False,100.0,2022-12-01 11:27:09,ABB
1200,8500.0,20000,400.0,0.0,SD,696100.0,880800.0,False,0.0,2022-12-01 11:27:01,ABB
1201,8500.0,2000,400.0,0.0,SD,696100.0,860800.0,False,0.0,2022-12-01 11:26:08,ABB
1202,8500.0,56000,400.0,0.0,SD,696100.0,858800.0,True,0.0,2022-12-01 11:25:59,ABB
1203,8500.0,400,400.0,0.0,SD,696100.0,802800.0,False,0.0,2022-12-01 11:25:43,ABB
1204,8500.0,400,400.0,0.0,SD,696100.0,802400.0,False,0.0,2022-12-01 11:25:35,ABB
1205,8500.0,9600,400.0,0.0,BU,696100.0,802000.0,False,0.0,2022-12-01 11:25:29,ABB
1206,8500.0,100,400.0,0.0,SD,686500.0,802000.0,False,0.0,2022-12-01 11:25:26,ABB
1207,8500.0,11300,400.0,0.0,SD,686500.0,801900.0,False,0.0,2022-12-01 11:25:13,ABB
1208,8500.0,69700,400.0,0.0,BU,686500.0,790600.0,True,-100.0,2022-12-01 11:25:06,ABB
1209,8600.0,800,500.0,0.1,BU,616800.0,790600.0,False,0.0,2022-12-01 11:25:03,ABB
1210,8600.0,6000,500.0,0.1,BU,616000.0,790600.0,False,0.0,2022-12-01 11:24:49,ABB
1211,8600.0,2000,500.0,0.1,BU,610000.0,790600.0,False,0.0,2022-12-01 11:24:17,ABB
1212,8600.0,1000,500.0,0.1,BU,608000.0,790600.0,False,100.0,2022-12-01 11:24:09,ABB
1213,8500.0,2000,400.0,0.0,SD,607000.0,790600.0,False,-100.0,2022-12-01 11:24:06,ABB
1214,8600.0,3000,500.0,0.1,BU,607000.0,788600.0,False,0.0,2022-12-01 11:23:59,ABB
1215,8600.0,10000,500.0,0.1,BU,604000.0,788600.0,False,0.0,2022-12-01 11:23:54,ABB
1216,8600.0,100,500.0,0.1,BU,594000.0,788600.0,False,100.0,2022-12-01 11:23:46,ABB
1217,8500.0,27800,400.0,0.0,BU,593900.0,788600.0,True,0.0,2022-12-01 11:23:38,ABB
1218,8500.0,2900,400.0,0.0,BU,566100.0,788600.0,False,0.0,2022-12-01 11:23:34,ABB
1219,8500.0,1300,400.0,0.0,BU,563200.0,788600.0,False,0.0,2022-12-01 11:23:33,ABB
1220,8500.0,50000,400.0,0.0,BU,561900.0,788600.0,True,0.0,2022-12-01 11:23:31,ABB
1221,8500.0,3800,400.0,0.0,BU,511900.0,788600.0,False,0.0,2022-12-01 11:23:25,ABB
1222,8500.0,3000,400.0,0.0,BU,508100.0,788600.0,False,0.0,2022-12-01 11:23:21,ABB
1223,8500.0,88300,400.0,0.0,BU,505100.0,788600.0,True,100.0,2022-12-01 11:23:18,ABB
1224,8400.0,1000,300.0,0.0,SD,416800.0,788600.0,False,-100.0,2022-12-01 11:23:16,ABB
1225,8500.0,3000,400.0,0.0,BU,416800.0,787600.0,False,100.0,2022-12-01 11:22:47,ABB
1226,8400.0,14000,300.0,0.0,SD,413800.0,787600.0,False,0.0,2022-12-01 11:22:05,ABB
